ISA*00*          *00*          *ZZ*330897513      *ZZ*ASSOCIATEDBC   *121003*0556*U*00401*117954578*0*P*:~GS*HP*330897513*ASSOCIATEDBC*20121003*0556*117954578*X*004010X091A1~ST*835*0001~BPR*I*75.39*C*CHK************20120928~TRN*1*149220392*1220999690*22099~DTM*405*20120928~N1*PR*HORIZON BCBSNJ~N3*3 PENN PLAZA~N4*NEWARK*NJ*071010420~REF*2U*22099~PER*CX**TE*8883349242~N1*PE*M M WIESE WAIBEL LCSW*XX*1902991391~N3*800 RARITAN ROAD~N4*CLARK*NJ*070661710~REF*TJ*262135919~LX*1~CLP*140345760B*2*125*26.39**12*27122663185300780*11*1~NM1*QC*1*ANDROLOWICZ*ROSE*M***MI*R12245853~NM1*74*1**STANLEY*R~DTM*050*20120922~DTM*232*20120801~AMT*AU*65.97~SVC*HC:90806*125*26.39**1~DTM*472*20120801~CAS*OA*23*98.61~REF*6R*LX01~AMT*B6*65.97~CLP*R58027107*1*125*49*20*12*26122688990600780*11*1~NM1*QC*1*MULLIGAN*CHERYL****MI*R58027107~NM1*IL*1*MULLIGAN*THOMAS****MI*R58027107~REF*G1*NOT REQUIRED~DTM*050*20120918~DTM*232*20120905~AMT*AU*69~SVC*HC:90806*125*49**1~DTM*472*20120905~CAS*PR*2*20~CAS*CO*45*56~REF*6R*946R58027107~AMT*B6*69~SE*39*0001~GE*1*117954578~IEA*1*117954578~
