ISA*00*          *00*          *ZZ*330897513      *ZZ*ASSOCIATEDBC   *121004*0301*U*00401*118056504*0*P*:~GS*HP*330897513*ASSOCIATEDBC*20121004*0301*118056504*X*004010X091A1~ST*835*0001~BPR*I*175.18*C*ACH*CCP*01*021200025*DA*2000012995156*1216000928*021200025*01*221283512*DA*95665700570381*20121005~TRN*1*2AG860482*1216000928*021200025~REF*EV*9904204~DTM*405*20120928~N1*PR*NEW JERSEY MEDICAID~N3*3705 QUAKERBRIDGE ROAD, SUITE 101~N4*TRENTON*NJ*086191288~PER*CX*NEW JERSEY MEDICAID PROVIDER SERVICES*TE*8007766334~N1*PE*WAY          KAREN      GPHD*XX*1477603942~REF*TJ*008388097~LX*1~CLP*135405190A*2*130*0**MC*201227222198502-0670*11*1~NM1*QC*1*ZABOROWSKI*RAYMOND*T***MR*122077125801~REF*EA*0812240198470~DTM*232*20120731~DTM*233*20120731~SVC*HC:90806*130*0**1**0~DTM*472*20120731~CAS*CO*45*130~REF*6R*LX#01~LQ*HE*M86~CLP*135742336A*2*130*0**MC*201227224005001-0670*11*1~NM1*QC*1*HAMMOND*NORMAN****MR*122081285101~REF*EA*0812240198430~DTM*232*20120731~DTM*233*20120731~SVC*HC:90806*130*0**1**0~DTM*472*20120731~CAS*CO*45*130~REF*6R*LX#01~LQ*HE*M86~CLP*137640510A*2*130*0**MC*201227222198402-13320670*11*1~NM1*QC*1*SANCHEZ*ARAENA****MR*182000374401~REF*EA*0812240198450~DTM*232*20120802~DTM*233*20120802~SVC*HC:90806*130*0**1**0~DTM*472*20120802~CAS*CO*45*130~REF*6R*LX#01~LQ*HE*M57~LQ*HE*M86~CLP*135742336A*2*130*0**MC*201227224005002-0670*11*1~NM1*QC*1*HAMMOND*NORMAN****MR*122081285101~REF*EA*0812240198430~DTM*232*20120814~DTM*233*20120814~SVC*HC:90806*130*0**1**0~DTM*472*20120814~CAS*CO*45*130~REF*6R*LX#02~LQ*HE*M86~CLP*135405190A*2*130*0**MC*201227222198501-0670*11*1~NM1*QC*1*ZABOROWSKI*RAYMOND*T***MR*122077125801~REF*EA*0812240198470~DTM*232*20120815~DTM*233*20120815~SVC*HC:90806*130*0**1**0~DTM*472*20120815~CAS*CO*45*130~REF*6R*LX#02~LQ*HE*M86~CLP*137640510A*2*130*0**MC*201227222198401-13320670*11*1~NM1*QC*1*SANCHEZ*ARAENA****MR*182000374401~REF*EA*0812240198450~DTM*232*20120816~DTM*233*20120816~SVC*HC:90806*130*0**1**0~DTM*472*20120816~CAS*CO*45*130~REF*6R*LX#02~LQ*HE*M57~LQ*HE*M86~CLP*026662235A*2*150*0**MC*201227222198601-0670*11*1~NM1*QC*1*GRIMALDI*JENNIFER*J***MR*212080697401~REF*EA*0812240198520~DTM*232*20120817~DTM*233*20120817~SVC*HC:90806*150*0**1**0~DTM*472*20120817~CAS*CO*45*150~REF*6R*LX#01~LQ*HE*M86~CLP*123035462701*1*130*26**MC*201226853714301*11*1~NM1*QC*1*DIX-MOON*KIMBERLI****MR*123035462701~DTM*232*20120904~DTM*233*20120904~AMT*AU*26~SVC*HC:90806*130*26**1**0~DTM*472*20120904~CAS*CO*45*104~REF*6R*980123035462701~AMT*B6*26~CLP*243065069821*1*130*71.18**MC*201226853714201-1258*11*1~NM1*QC*1*DIEFENBACKER*NICOLE****MR*243065069821~DTM*232*20120905~DTM*233*20120905~AMT*AU*71.18~SVC*HC:90806*130*71.18**1**0~DTM*472*20120905~CAS*CO*45*58.82~REF*6R*979243065069821~AMT*B6*71.18~LQ*HE*N45~CLP*123035462701*1*130*26**MC*201226853714302*11*1~NM1*QC*1*DIX-MOON*KIMBERLI****MR*123035462701~DTM*232*20120907~DTM*233*20120907~AMT*AU*26~SVC*HC:90806*130*26**1**0~DTM*472*20120907~CAS*CO*45*104~REF*6R*981123035462701~AMT*B6*26~CLP*123035462701*1*130*26**MC*201226853714303*11*1~NM1*QC*1*DIX-MOON*KIMBERLI****MR*123035462701~DTM*232*20120911~DTM*233*20120911~AMT*AU*26~SVC*HC:90806*130*26**1**0~DTM*472*20120911~CAS*CO*45*104~REF*6R*982123035462701~AMT*B6*26~CLP*096075677920*4*130*0**MC*201226853714401-12580762*11*1~NM1*QC*1*OLIVER*RAYON****MR*096075677920~DTM*232*20120912~DTM*233*20120912~SVC*HC:90806*130*0~DTM*472*20120912~CAS*OA*16*130~REF*6R*998096075677920~AMT*B6*71.18~LQ*HE*N45~LQ*HE*N14~CLP*123035462701*1*130*26**MC*201226853714304*11*1~NM1*QC*1*DIX-MOON*KIMBERLI****MR*123035462701~DTM*232*20120914~DTM*233*20120914~AMT*AU*26~SVC*HC:90806*130*26**1**0~DTM*472*20120914~CAS*CO*45*104~REF*6R*983123035462701~AMT*B6*26~SE*147*0001~GE*1*118056504~IEA*1*118056504~
