ISA*00*          *00*          *ZZ*330897513      *ZZ*ASSOCIATEDBC   *121005*1154*U*00401*118225406*0*P*:~GS*HP*330897513*ASSOCIATEDBC*20121005*1154*118225406*X*004010X091A1~ST*835*0001~BPR*I*162*C*ACH*CCP*01*031100225*DA*2079950064280/*1220999690**01*231372691*DA*0181143836*20121004~TRN*1*0002473120*1220999690*8352012100500100724~REF*EV*1902991391~DTM*405*20121004~N1*PR*HORIZON BCBSNJ~N3*PAYOR ADDRESS 1~N4*NEWARK*NJ*071010420~REF*2U*22099~N1*PE*M M WIESE WAIBEL LCSW*XX*1902991391~N3*800 RARITAN RD~N4*CLARK*NJ*070661710~REF*PQ*2621359190~REF*TJ*262135919~LX*1~CLP*3HZN56316950*1*250*108*30*12*780271227722656   00**1~NM1*QC*1*DUFFY*JULIE****MI*3HZN563169500~NM1*74*1*DUFFY*JULIE*A***C*YHB3HZN56316950~NM1*82*2*M M WIESE WAIBEL LCSW*****XX*1902991391~DTM*050*20121003~DTM*232*20120921~DTM*233*20120928~PER*CX*NATIONAL ACCOUNTS SERVICED IN MT.LAUREL*TE*8006244758~AMT*AU*138~AMT*T2*108~SVC*HC:90806*125*54**1~DTM*472*20120921~CAS*PR*3*15~CAS*CO*45*56~REF*6R*0123HZN56316950~REF*HPI*1902991391~AMT*B6*69~SVC*HC:90806*125*54**1~DTM*472*20120928~CAS*PR*3*15~CAS*CO*45*56~REF*6R*0133HZN56316950~REF*HPI*1902991391~AMT*B6*69~CLP*3HZN14345840*1*125*54*15*12*780271227718282   00**1~NM1*QC*1*GREFFER*CHANTAL****MI*3HZN143458400~NM1*74*1*GREFFER*CHANTAL*M***C*YHB3HZN14345840~NM1*82*2*M M WIESE WAIBEL LCSW*****XX*1902991391~DTM*050*20121003~DTM*232*20120924~DTM*233*20120924~PER*CX*NATIONAL ACCOUNTS SERVICED IN MT.LAUREL*TE*8006244758~AMT*AU*69~AMT*T2*54~SVC*HC:90806*125*54**1~DTM*472*20120924~CAS*PR*3*15~CAS*CO*45*56~REF*6R*0213HZN14345840~REF*HPI*1902991391~AMT*B6*69~SE*57*0001~GE*1*118225406~IEA*1*118225406~
