ISA*00*          *00*          *ZZ*330897513      *ZZ*ASSOCIATEDBC   *121008*1805*U*00401*118449123*0*P*:~GS*HP*330897513*ASSOCIATEDBC*20121008*1805*118449123*X*004010X091A1~ST*835*0001~BPR*I*309*C*ACH*CCP*01*031100225*DA*2079950064280/*1220999690**01*231372691*DA*0181143836*20121005~TRN*1*0002480241*1220999690*8352012100600380722~REF*EV*1902991391~DTM*405*20121005~N1*PR*HORIZON BCBSNJ~N3*PAYOR ADDRESS 1~N4*NEWARK*NJ*071010420~REF*2U*22099~N1*PE*M M WIESE WAIBEL LCSW*XX*1902991391~N3*800 RARITAN RD~N4*CLARK*NJ*070661710~REF*PQ*2621359190~REF*TJ*262135919~LX*1~CLP*3HZN55672980*1*125*54*6*13*780271227724037   00**1~NM1*QC*1*BAKER DRUMMOND*ANASTACIA****MI*NJX3HZN55672980~NM1*IL*1*DRUMMOND*BERESFORD****MI*3HZN556729800~NM1*82*2*M M WIESE WAIBEL LCSW*****XX*1902991391~DTM*050*20121003~DTM*232*20120928~DTM*233*20120928~PER*CX*NJ DIRECT*TE*8006241110~AMT*AU*60~AMT*T2*54~SVC*HC:90806*125*54**1~DTM*472*20120928~CAS*PR*2*6~CAS*CO*45*65~REF*6R*9953HZN55672980~REF*HPI*1902991391~AMT*B6*60~CLP*3HZN71563020*1*250*100*20*13*780271227716625   00**1~NM1*QC*1*BONILLA*NANCY****MI*NJX3HZN71563020~NM1*82*2*M M WIESE WAIBEL LCSW*****XX*1902991391~DTM*050*20121003~DTM*232*20120919~DTM*233*20120925~PER*CX*NJ DIRECT*TE*8006241110~AMT*AU*120~AMT*T2*100~SVC*HC:90806*125*50**1~DTM*472*20120919~CAS*PR*3*10~CAS*CO*45*65~REF*6R*0013HZN71563020~REF*HPI*1902991391~AMT*B6*60~SVC*HC:90806*125*50**1~DTM*472*20120925~CAS*PR*3*10~CAS*CO*45*65~REF*6R*0023HZN71563020~REF*HPI*1902991391~AMT*B6*60~CLP*3HZN27215180*1*250*90*30*13*780271227720875   00**1~NM1*QC*1*KELLETT KESSELMAN*MELISSA*J***MI*NJX3HZN27215180~NM1*IL*1*KESSELMAN*KEVIN****MI*3HZN272151800~NM1*74*1*KESSELMAN*KEVIN*A***C*3HZN272151800~NM1*82*2*M M WIESE WAIBEL LCSW*****XX*1902991391~DTM*050*20121003~DTM*232*20120918~DTM*233*20120925~PER*CX*NJ DIRECT*TE*8006241110~AMT*AU*120~AMT*T2*90~SVC*HC:90806*125*45**1~DTM*472*20120918~CAS*PR*3*15~CAS*CO*45*65~REF*6R*0243HZN27215180~REF*HPI*1902991391~AMT*B6*60~SVC*HC:90806*125*45**1~DTM*472*20120925~CAS*PR*3*15~CAS*CO*45*65~REF*6R*0253HZN27215180~REF*HPI*1902991391~AMT*B6*60~CLP*3HZN36191530*1*125*45*15*13*780271227724649   00**1~NM1*QC*1*LENAHAN*MEAGHAN****MI*3HZN361915300~NM1*74*1*LENAHAN*MEAGHAN*M***C*NJX3HZN36191530~NM1*82*2*M M WIESE WAIBEL LCSW*****XX*1902991391~DTM*050*20121003~DTM*232*20120918~DTM*233*20120918~PER*CX*NJ DIRECT*TE*8006241110~AMT*AU*60~AMT*T2*45~SVC*HC:90806*125*45**1~DTM*472*20120918~CAS*PR*3*15~CAS*CO*45*65~REF*6R*0293HZN36191530~REF*HPI*1902991391~AMT*B6*60~CLP*3HZN89299890*1*125*20*40*13*780271227717974   00**1~NM1*QC*1*SHAH*ROSEMARIE****MI*YHX3HZN89299890~NM1*IL*1*SHAH*HR****MI*3HZN892998900~NM1*74*1*SHAH*HASMUKH*R***C*3HZN892998900~NM1*82*2*M M WIESE WAIBEL LCSW*****XX*1902991391~DTM*050*20121003~DTM*232*20120926~DTM*233*20120926~PER*CX*NATIONAL ACCOUNTS POS*TE*8006244758~AMT*AU*60~AMT*T2*20~SVC*HC:90806*125*20**1~DTM*472*20120926~CAS*PR*3*40~CAS*CO*45*65~REF*6R*0453HZN89299890~REF*HPI*1902991391~AMT*B6*60~SE*116*0001~ST*835*0002~BPR*I*598*C*ACH*CCP*01*031100225*DA*2079950064280/*1220999690**01*231372691*DA*0181143836*20121006~TRN*1*0002487515*1220999690*8352012100709320712~REF*EV*1902991391~DTM*405*20121006~N1*PR*HORIZON BCBSNJ~N3*PAYOR ADDRESS 1~N4*NEWARK*NJ*071010420~REF*2U*22099~N1*PE*M M WIESE WAIBEL LCSW*XX*1902991391~N3*800 RARITAN RD~N4*CLARK*NJ*070661710~REF*PQ*2621359190~REF*TJ*262135919~LX*1~CLP*MKGAN3670307*1*125*44*25*12*780271227721046   00**1~NM1*QC*1*FRANCIS*TIFFANY****MI*MKGAN3670307~NM1*82*2*M M WIESE WAIBEL LCSW*****XX*1902991391~DTM*050*20121003~DTM*232*20120921~DTM*233*20120921~AMT*AU*69~AMT*T2*44~SVC*HC:90806*125*44**1~DTM*472*20120921~CAS*PR*3*25~CAS*CO*45*56~REF*6R*015MKGAN3670307~REF*HPI*1902991391~AMT*B6*69~CLP*ROQ5052733500*1*125*44*25*12*780271227722150   00**1~NM1*QC*1*KOVATCH*LISA****MI*ROQ5052733500~NM1*82*2*M M WIESE WAIBEL LCSW*****XX*1902991391~DTM*050*20121003~DTM*232*20120919~DTM*233*20120919~AMT*AU*69~AMT*T2*44~SVC*HC:90806*125*44**1~DTM*472*20120919~CAS*PR*3*25~CAS*CO*45*56~REF*6R*027ROQ5052733500~REF*HPI*1902991391~AMT*B6*69~CLP*BLM88988917*1*125*44*25*12*780271227723647   00**1~NM1*QC*1*STRYKER*MELISSA****MI*BLM88988917~NM1*IL*1*MARTA*THOMAS*J***MI*BLM88988917~NM1*82*2*M M WIESE WAIBEL LCSW*****XX*1902991391~DTM*050*20121003~DTM*232*20120924~DTM*233*20120924~AMT*AU*69~AMT*T2*44~SVC*HC:90806*125*44**1~DTM*472*20120924~CAS*PR*3*25~CAS*CO*45*56~REF*6R*052BLM88988917~REF*HPI*1902991391~AMT*B6*69~CLP*3HZN55672980*1*125*54*6*13*780261227867586   00**1~NM1*QC*1*BAKER DRUMMOND*ANASTACIA****MI*NJX3HZN55672980~NM1*IL*1*DRUMMOND*BERESFORD****MI*3HZN556729800~NM1*82*2*M M WIESE WAIBEL LCSW*****XX*1902991391~DTM*050*20121004~DTM*232*20120719~DTM*233*20120719~PER*CX*NJ DIRECT*TE*8006241110~AMT*AU*60~AMT*T2*54~SVC*HC:90806*125*54**1~DTM*472*20120719~CAS*PR*2*6~CAS*CO*45*65~REF*6R*7173HZN55672980~REF*HPI*1902991391~AMT*B6*60~CLP*3HZN71563020*1*250*100*20*13*780261227856957   00**1~NM1*QC*1*BONILLA*NANCY****MI*NJX3HZN71563020~NM1*82*2*M M WIESE WAIBEL LCSW*****XX*1902991391~DTM*050*20121004~DTM*232*20120724~DTM*233*20120731~PER*CX*NJ DIRECT*TE*8006241110~AMT*AU*120~AMT*T2*100~SVC*HC:90806*125*50**1~DTM*472*20120724~CAS*PR*3*10~CAS*CO*45*65~REF*6R*7183HZN71563020~REF*HPI*1902991391~AMT*B6*60~SVC*HC:90806*125*50**1~DTM*472*20120731~CAS*PR*3*10~CAS*CO*45*65~REF*6R*7193HZN71563020~REF*HPI*1902991391~AMT*B6*60~CLP*3HZN91896620*1*125*50*10*13*780261227855660   00**1~NM1*QC*1*GOLDATE*PATRICIA****MI*3HZN918966200~NM1*74*1*GOLDATE*PATRICIA*A***C*NJX3HZN91896620~NM1*82*2*M M WIESE WAIBEL LCSW*****XX*1902991391~DTM*050*20121004~DTM*232*20120726~DTM*233*20120726~PER*CX*NJ DIRECT*TE*8006241110~AMT*AU*60~AMT*T2*50~SVC*HC:90806*125*50**1~DTM*472*20120726~CAS*PR*3*10~CAS*CO*45*65~REF*6R*7203HZN91896620~REF*HPI*1902991391~AMT*B6*60~CLP*3HZN76623380*1*250*100*20*13*780261227855592   00**1~NM1*QC*1*JOHNSON*DAWN*E***MI*NJX3HZN76623380~NM1*IL*1*JOHNSON*MICHAEL****MI*3HZN766233800~NM1*74*1*JOHNSON*MICHAEL*A***C*3HZN766233800~NM1*82*2*M M WIESE WAIBEL LCSW*****XX*1902991391~DTM*050*20121004~DTM*232*20120723~DTM*233*20120730~PER*CX*NJ DIRECT*TE*8006241110~AMT*AU*120~AMT*T2*100~SVC*HC:90806*125*50**1~DTM*472*20120723~CAS*PR*3*10~CAS*CO*45*65~REF*6R*7213HZN76623380~REF*HPI*1902991391~AMT*B6*60~SVC*HC:90806*125*50**1~DTM*472*20120730~CAS*PR*3*10~CAS*CO*45*65~REF*6R*7223HZN76623380~REF*HPI*1902991391~AMT*B6*60~CLP*3HZN27215180*1*250*90*30*13*780261227854236   00**1~NM1*QC*1*KELLETT KESSELMAN*MELISSA*J***MI*NJX3HZN27215180~NM1*IL*1*KESSELMAN*KEVIN****MI*3HZN272151800~NM1*74*1*KESSELMAN*KEVIN*A***C*3HZN272151800~NM1*82*2*M M WIESE WAIBEL LCSW*****XX*1902991391~DTM*050*20121004~DTM*232*20120724~DTM*233*20120731~PER*CX*NJ DIRECT*TE*8006241110~AMT*AU*120~AMT*T2*90~SVC*HC:90806*125*45**1~DTM*472*20120724~CAS*PR*3*15~CAS*CO*45*65~REF*6R*7233HZN27215180~REF*HPI*1902991391~AMT*B6*60~SVC*HC:90806*125*45**1~DTM*472*20120731~CAS*PR*3*15~CAS*CO*45*65~REF*6R*7243HZN27215180~REF*HPI*1902991391~AMT*B6*60~CLP*3HZN15469020*1*250*0*250*13*780261227854319   00**1~NM1*QC*1*MONDI*NICHOL****MI*NJX3HZN15469020~NM1*IL*1*MONDI*FREDERICK****MI*3HZN154690200~NM1*74*1*MONDI*FREDERICK*B***C*3HZN154690200~NM1*82*2*M M WIESE WAIBEL LCSW*****XX*1902991391~DTM*050*20121004~DTM*232*20120719~DTM*233*20120726~PER*CX*NJ DIRECT*TE*8006241110~SVC*HC:90806*125*0**1~DTM*472*20120719~CAS*PR*22*125~REF*6R*7253HZN15469020~REF*HPI*1902991391~SVC*HC:90806*125*0**1~DTM*472*20120726~CAS*PR*22*125~REF*6R*7263HZN15469020~REF*HPI*1902991391~CLP*3HZN35374750*1*125*50*10*13*780261227873438   00**1~NM1*QC*1*PIZZELLI*MARIA****MI*NJX3HZN35374750~NM1*82*2*M M WIESE WAIBEL LCSW*****XX*1902991391~DTM*050*20121004~DTM*232*20120718~DTM*233*20120718~PER*CX*NJ DIRECT*TE*8006241110~AMT*AU*60~AMT*T2*50~SVC*HC:90806*125*50**1~DTM*472*20120718~CAS*PR*3*10~CAS*CO*45*65~REF*6R*7273HZN35374750~REF*HPI*1902991391~AMT*B6*60~CLP*3HZN04606950*1*250*22*50*HM*12279E0008773     00*11~NM1*QC*1*GEARDINO*CATHLIN*V***MI*136604155~NM1*IL*1*GEARDINO*THEODORE****MI*3HZN04606950~NM1*82*2*MAUREEN M WIESE WAIBEL LCSW*****XX*1902991391~DTM*050*20121004~DTM*232*20120720~DTM*233*20120720~PER*CX*HORIZON BLUE CROSS BLUE SHIELD OF NEW JERSEY HMO*TE*8006241110~AMT*AU*72~AMT*T2*22~SVC*HC:90801*250*22**1~DTM*472*20120720~CAS*CO*45*178~CAS*PR*3*50~REF*6R*8013HZN04606950~REF*HPI*1902991391~AMT*B6*72~SE*221*0002~ST*835*0003~BPR*I*98*C*CHK************20121005~TRN*1*149368640*1220999690*22099~DTM*405*20121005~N1*PR*HORIZON BCBSNJ~N3*3 PENN PLAZA~N4*NEWARK*NJ*071010420~REF*2U*22099~PER*CX**TE*8883349242~N1*PE*M M WIESE WAIBEL LCSW*XX*1902991391~N3*800 RARITAN ROAD~N4*CLARK*NJ*070661710~REF*TJ*262135919~LX*1~CLP*R58551940*1*125*49*20*12*27122771968100780*11*1~NM1*QC*1*LIHOU*MARY****MI*R58551940~REF*G1*NOT REQUIRED~DTM*050*20121003~DTM*232*20120919~AMT*AU*69~SVC*HC:90806*125*49**1~DTM*472*20120919~CAS*PR*2*20~CAS*CO*45*56~REF*6R*030R58551940~AMT*B6*69~CLP*R58027107*1*125*49*20*12*27122772114000780*11*1~NM1*QC*1*MULLIGAN*CHERYL****MI*R58027107~NM1*IL*1*MULLIGAN*THOMAS****MI*R58027107~REF*G1*NOT REQUIRED~DTM*050*20121003~DTM*232*20120919~AMT*AU*69~SVC*HC:90806*125*49**1~DTM*472*20120919~CAS*PR*2*20~CAS*CO*45*56~REF*6R*036R58027107~AMT*B6*69~SE*40*0003~ST*835*0004~BPR*I*62.96*C*CHK******1043270923******20121008~TRN*1*001542188*1043270923~REF*EV*SL0002~REF*F2*3000-001~DTM*405*20121005~N1*PR*TUFTS BENEFIT ADMINISTRATORS INC.~N3*PO BOX 9185~N4*WATERTOWN*MA*024719185~REF*2U*04298~PER*CX*EDI OPERATIONS*TE*8888808699*EX*4042~N1*PE*GULLA JAMES P. LCMHC*XX*1922200658~LX*1~CLP*619538596*1*300*62.96*189.07*12*2277BUEV~NM1*QC*1*WYMAN*ARTHUR****MI*776987405   02~SVC*HC:90806*100*0**1~DTM*472*20120829~CAS*PI*45*15.99~CAS*PR*1*84.01~REF*6R*648619538596~AMT*B6*84.01~SVC*HC:90806*100*0**1~DTM*472*20120905~CAS*PI*45*15.99~CAS*PR*1*84.01~REF*6R*649619538596~AMT*B6*84.01~SVC*HC:90806*100*62.96**1~DTM*472*20120912~CAS*PI*45*15.99~CAS*PR*2*15.74**1*5.31~REF*6R*650619538596~AMT*B6*84.01~SE*34*0004~GE*4*118449123~IEA*1*118449123~
