ISA*00*          *00*          *ZZ*330897513      *ZZ*ASSOCIATEDBC   *121010*1135*U*00401*118655636*0*P*:~GS*HP*330897513*ASSOCIATEDBC*20121010*1135*118655636*X*004010X091A1~ST*835*0001~BPR*I*123.18*C*ACH*CCP*01*021200025*DA*2000012995156*1216000928*021200025*01*221283512*DA*95665700570381*20121012~TRN*1*2AG865843*1216000928*021200025~REF*EV*9904204~DTM*405*20121005~N1*PR*NEW JERSEY MEDICAID~N3*3705 QUAKERBRIDGE ROAD, SUITE 101~N4*TRENTON*NJ*086191288~PER*CX*NEW JERSEY MEDICAID PROVIDER SERVICES*TE*8007766334~N1*PE*WAY          KAREN      GPHD*XX*1477603942~REF*TJ*008388097~LX*1~CLP*135405190A*2*130*0**MC*201227721753601-0670*11*1~NM1*QC*1*ZABOROWSKI*RAYMOND*T***MR*122077125801~REF*EA*0812243164280~DTM*232*20120808~DTM*233*20120808~SVC*HC:90806*130*0**1**0~DTM*472*20120808~CAS*CO*45*130~REF*6R*LX#01~LQ*HE*M86~CLP*123035462701*1*130*26**MC*201227654068701*11*1~NM1*QC*1*DIX-MOON*KIMBERLI****MR*123035462701~DTM*232*20120917~DTM*233*20120917~AMT*AU*26~SVC*HC:90806*130*26**1**0~DTM*472*20120917~CAS*CO*45*104~REF*6R*657123035462701~AMT*B6*26~CLP*243065069821*1*130*71.18**MC*201227654068601-1258*11*1~NM1*QC*1*DIEFENBACKER*NICOLE****MR*243065069821~DTM*232*20120919~DTM*233*20120919~AMT*AU*71.18~SVC*HC:90806*130*71.18**1**0~DTM*472*20120919~CAS*CO*45*58.82~REF*6R*651243065069821~AMT*B6*71.18~LQ*HE*N45~CLP*123035462701*1*130*26**MC*201227654068702*11*1~NM1*QC*1*DIX-MOON*KIMBERLI****MR*123035462701~DTM*232*20120922~DTM*233*20120922~AMT*AU*26~SVC*HC:90806*130*26**1**0~DTM*472*20120922~CAS*CO*45*104~REF*6R*659123035462701~AMT*B6*26~CLP*123035462701*4*130*0**MC*201227654068703-0762*11*1~NM1*QC*1*DIX-MOON*KIMBERLI****MR*123035462701~DTM*232*20120925~DTM*233*20120925~SVC*HC:90806*130*0~DTM*472*20120925~CAS*OA*16*130~REF*6R*661123035462701~AMT*B6*26~LQ*HE*N14~CLP*096075677920*4*130*0**MC*201227654068801-12580762*11*1~NM1*QC*1*OLIVER*RAYON****MR*096075677920~DTM*232*20120925~DTM*233*20120925~SVC*HC:90806*130*0~DTM*472*20120925~CAS*OA*16*130~REF*6R*756096075677920~AMT*B6*71.18~LQ*HE*N45~LQ*HE*N14~CLP*243065069821*4*130*0**MC*201227654068602-12580762*11*1~NM1*QC*1*DIEFENBACKER*NICOLE****MR*243065069821~DTM*232*20120926~DTM*233*20120926~SVC*HC:90806*130*0~DTM*472*20120926~CAS*OA*16*130~REF*6R*654243065069821~AMT*B6*71.18~LQ*HE*N45~LQ*HE*N14~CLP*123035462701*4*130*0**MC*201227654068704-0762*11*1~NM1*QC*1*DIX-MOON*KIMBERLI****MR*123035462701~DTM*232*20120927~DTM*233*20120927~SVC*HC:90806*130*0~DTM*472*20120927~CAS*OA*16*130~REF*6R*664123035462701~AMT*B6*26~LQ*HE*N14~SE*96*0001~GE*1*118655636~IEA*1*118655636~
