ISA*00*          *00*          *ZZ*330897513      *ZZ*ASSOCIATEDBC   *121012*0823*U*00401*118879249*0*P*:~GS*HP*330897513*ASSOCIATEDBC*20121012*0823*118879249*X*004010X091A1~ST*835*0001~BPR*I*226.39*C*ACH*CCP*01*031100225*DA*2079950064280/*1220999690**01*231372691*DA*0181143836*20121010~TRN*1*0002502058*1220999690*8352012101023540737~REF*EV*1902991391~DTM*405*20121010~N1*PR*HORIZON BCBSNJ~N3*PAYOR ADDRESS 1~N4*NEWARK*NJ*071010420~REF*2U*22099~N1*PE*M M WIESE WAIBEL LCSW*XX*1902991391~N3*800 RARITAN RD~N4*CLARK*NJ*070661710~REF*PQ*2621359190~REF*TJ*262135919~LX*1~CLP*143342949A*2*125*16.39*10*13*780261228384769   00**1~NM1*QC*1*COSQUER*DOLORES****MI*3HZN22671350~NM1*82*2*M M WIESE WAIBEL LCSW*****XX*1902991391~DTM*050*20121008~DTM*232*20120823~DTM*233*20120823~PER*CX*NJ DIRECT*TE*8006241110~AMT*AU*65.97~AMT*T2*16.39~SVC*HC:90806*125*16.39**1~DTM*472*20120823~CAS*PR*3*10~CAS*OA*23*98.61~REF*6R*LX01~REF*HPI*1902991391~AMT*B6*65.97~CLP*3HZN15469020*1*125*0*125*13*780271227719626   00**1~NM1*QC*1*MONDI*NICHOL****MI*NJX3HZN15469020~NM1*IL*1*MONDI*FREDERICK****MI*3HZN154690200~NM1*74*1*MONDI*FREDERICK*B***C*3HZN154690200~NM1*82*2*M M WIESE WAIBEL LCSW*****XX*1902991391~DTM*050*20121003~DTM*232*20120924~DTM*233*20120924~PER*CX*NJ DIRECT*TE*8006241110~SVC*HC:90806*125*0**1~DTM*472*20120924~CAS*PR*22*125~REF*6R*0333HZN15469020~REF*HPI*1902991391~CLP*3HZN03939260*1*250*90*30*13*780271227716424   00**1~NM1*QC*1*SOMERS*ELAINE****MI*YHQ3HZN03939260~NM1*IL*1*SOMERS*ROBERT****MI*3HZN039392600~NM1*82*2*M M WIESE WAIBEL LCSW*****XX*1902991391~DTM*050*20121003~DTM*232*20120921~DTM*233*20120928~PER*CX*HORIZON BLUE CROSS BLUE SHIELD OF NEW JERSEY DIRECT ACCESS*TE*8006241110~AMT*AU*120~AMT*T2*90~SVC*HC:90806*125*45**1~DTM*472*20120921~CAS*PR*3*15~CAS*CO*45*65~REF*6R*0503HZN03939260~REF*HPI*1902991391~AMT*B6*60~SVC*HC:90806*125*45**1~DTM*472*20120928~CAS*PR*3*15~CAS*CO*45*65~REF*6R*0513HZN03939260~REF*HPI*1902991391~AMT*B6*60~CLP*3HZN55591900*1*125*30*30*13*780271227717975   00**1~NM1*QC*1*TORRE*JOSEPH****MI*YHQ3HZN55591900~NM1*82*2*M M WIESE WAIBEL LCSW*****XX*1902991391~DTM*050*20121003~DTM*232*20120920~DTM*233*20120920~PER*CX*HORIZON BLUE CROSS BLUE SHIELD OF NEW JERSEY DIRECT ACCESS*TE*8006241110~AMT*AU*60~AMT*T2*30~SVC*HC:90806*125*30**1~DTM*472*20120920~CAS*PR*3*30~CAS*CO*45*65~REF*6R*0533HZN55591900~REF*HPI*1902991391~AMT*B6*60~CLP*151662088 A*2*125*20*6.39*13*780261228381123   00**1~NM1*QC*1*CICALESE*KRISTA*A***MI*3HZN98001790~NM1*82*2*M M WIESE WAIBEL LCSW*****XX*1902991391~DTM*050*20121008~DTM*232*20120821~DTM*233*20120821~PER*CX*NATIONAL ACCOUNTS POS*TE*8006244758~AMT*AU*60~AMT*T2*20~SVC*HC:90806*125*20**1~DTM*472*20120821~CAS*PR*3*40**204*-33.61~CAS*OA*23*98.61~REF*6R*LX01~REF*HPI*1902991391~AMT*B6*60~CLP*3HZN69937170*1*250*70*50*13*780271227717625   00**1~NM1*QC*1*ORSINI*SUSAN*J***MI*HEF3HZN69937170~NM1*IL*1*ORSINI*NICHOLAS****MI*3HZN699371700~NM1*74*1*ORSINI*NICHOLAS*R***C*3HZN699371700~NM1*82*2*M M WIESE WAIBEL LCSW*****XX*1902991391~DTM*050*20121003~DTM*232*20120918~DTM*233*20120926~PER*CX*NATIONAL ACCOUNTS POS*TE*8006244758~AMT*AU*120~AMT*T2*70~SVC*HC:90806*125*35**1~DTM*472*20120918~CAS*PR*3*25~CAS*CO*45*65~REF*6R*0393HZN69937170~REF*HPI*1902991391~AMT*B6*60~SVC*HC:90806*125*35**1~DTM*472*20120926~CAS*PR*3*25~CAS*CO*45*65~REF*6R*0403HZN69937170~REF*HPI*1902991391~AMT*B6*60~SE*127*0001~GE*1*118879249~IEA*1*118879249~
