ISA*00*          *00*          *ZZ*330897513      *ZZ*ASSOCIATEDBC   *121012*2357*U*00401*118986123*0*P*:~GS*HP*330897513*ASSOCIATEDBC*20121012*2357*118986123*X*004010X091A1~ST*835*0001~BPR*I*247*C*ACH*CCP*01*031100225*DA*2079950064280/*1220999690**01*231372691*DA*0181143836*20121011~TRN*1*0002509570*1220999690*8352012101200480737~REF*EV*1902991391~DTM*405*20121011~N1*PR*HORIZON BCBSNJ~N3*PAYOR ADDRESS 1~N4*NEWARK*NJ*071010420~REF*2U*22099~N1*PE*M M WIESE WAIBEL LCSW*XX*1902991391~N3*800 RARITAN RD~N4*CLARK*NJ*070661710~REF*PQ*2621359190~REF*TJ*262135919~LX*1~CLP*3HZN01455580*1*125*20*40*13*780261227866796   00**1~NM1*QC*1*DIBIAGIO*CAROLINE*R***MI*YHQ3HZN01455580~NM1*IL*1*DIBIAGIO*MICHAEL****MI*3HZN014555800~NM1*74*1*DIBIAGIO*MICHAEL*L***C*3HZN014555800~NM1*82*2*M M WIESE WAIBEL LCSW*****XX*1902991391~DTM*050*20121004~DTM*232*20120727~DTM*233*20120727~AMT*AU*60~AMT*T2*20~SVC*HC:90806*125*20**1~DTM*472*20120727~CAS*PR*3*40~CAS*CO*45*65~REF*6R*2353HZN01455580~REF*HPI*1902991391~AMT*B6*60~CLP*YHQ3HZN485816*1*125*20*40*13*780261227856645   00**1~NM1*QC*1*SHANN*GARY****MI*3HZN485816803~NM1*74*1*SHANN*GARY*A***C*YHQ3HZN48581680~NM1*82*2*M M WIESE WAIBEL LCSW*****XX*1902991391~DTM*050*20121004~DTM*232*20120724~DTM*233*20120724~PER*CX*HORIZON BLUE CROSS BLUE SHIELD OF NEW JERSEY DIRECT ACCESS*TE*8006241110~AMT*AU*60~AMT*T2*20~SVC*HC:90806*125*20**1~DTM*472*20120724~CAS*PR*3*40~CAS*CO*45*65~REF*6R*242YHQ3HZN485816~REF*HPI*1902991391~AMT*B6*60~CLP*3HZN03939260*1*250*90*30*13*780261227854824   00**1~NM1*QC*1*SOMERS*ELAINE****MI*YHQ3HZN03939260~NM1*IL*1*SOMERS*ROBERT****MI*3HZN039392600~NM1*82*2*M M WIESE WAIBEL LCSW*****XX*1902991391~DTM*050*20121004~DTM*232*20120720~DTM*233*20120727~PER*CX*HORIZON BLUE CROSS BLUE SHIELD OF NEW JERSEY DIRECT ACCESS*TE*8006241110~AMT*AU*120~AMT*T2*90~SVC*HC:90806*125*45**1~DTM*472*20120720~CAS*PR*3*15~CAS*CO*45*65~REF*6R*2433HZN03939260~REF*HPI*1902991391~AMT*B6*60~SVC*HC:90806*125*45**1~DTM*472*20120727~CAS*PR*3*15~CAS*CO*45*65~REF*6R*2443HZN03939260~REF*HPI*1902991391~AMT*B6*60~CLP*3HZN55591900*1*250*42*30*13*780261227850262   00**1~NM1*QC*1*TORRE*JOSEPH****MI*YHQ3HZN55591900~NM1*82*2*M M WIESE WAIBEL LCSW*****XX*1902991391~DTM*050*20121004~DTM*232*20120718~DTM*233*20120718~PER*CX*HORIZON BLUE CROSS BLUE SHIELD OF NEW JERSEY DIRECT ACCESS*TE*8006241110~AMT*AU*72~AMT*T2*42~SVC*HC:90801*250*42**1~DTM*472*20120718~CAS*PR*3*30~CAS*CO*45*178~REF*6R*2453HZN55591900~REF*HPI*1902991391~AMT*B6*72~CLP*3HZN69937170*1*125*35*25*13*780261227858506   00**1~NM1*QC*1*ORSINI*SUSAN*J***MI*HEF3HZN69937170~NM1*IL*1*ORSINI*NICHOLAS****MI*3HZN699371700~NM1*74*1*ORSINI*NICHOLAS*R***C*3HZN699371700~NM1*82*2*M M WIESE WAIBEL LCSW*****XX*1902991391~DTM*050*20121004~DTM*232*20120725~DTM*233*20120725~PER*CX*NATIONAL ACCOUNTS POS*TE*8006244758~AMT*AU*60~AMT*T2*35~SVC*HC:90806*125*35**1~DTM*472*20120725~CAS*PR*3*25~CAS*CO*45*65~REF*6R*2393HZN69937170~REF*HPI*1902991391~AMT*B6*60~CLP*3HZN89299890*1*250*40*80*13*780261227868032   00**1~NM1*QC*1*SHAH*ROSEMARIE****MI*YHX3HZN89299890~NM1*IL*1*SHAH*HR****MI*3HZN892998900~NM1*74*1*SHAH*HASMUKH*R***C*3HZN892998900~NM1*82*2*M M WIESE WAIBEL LCSW*****XX*1902991391~DTM*050*20121004~DTM*232*20120719~DTM*233*20120725~PER*CX*NATIONAL ACCOUNTS POS*TE*8006244758~AMT*AU*120~AMT*T2*40~SVC*HC:90806*125*20**1~DTM*472*20120719~CAS*PR*3*40~CAS*CO*45*65~REF*6R*2403HZN89299890~REF*HPI*1902991391~AMT*B6*60~SVC*HC:90806*125*20**1~DTM*472*20120725~CAS*PR*3*40~CAS*CO*45*65~REF*6R*2413HZN89299890~REF*HPI*1902991391~AMT*B6*60~SE*133*0001~GE*1*118986123~IEA*1*118986123~
