ISA*00*          *00*          *ZZ*330897513      *ZZ*ASSOCIATEDBC   *121015*1621*U*00401*119122866*0*P*:~GS*HP*330897513*ASSOCIATEDBC*20121015*1621*119122866*X*004010X091A1~ST*835*0001~BPR*I*77*C*ACH*CCP*01*031100225*DA*2079950064280/*1220999690**01*231372691*DA*0181143836*20121012~TRN*1*0002517026*1220999690*8352012101302050727~REF*EV*1902991391~DTM*405*20121012~N1*PR*HORIZON BCBSNJ~N3*PAYOR ADDRESS 1~N4*NEWARK*NJ*071010420~REF*2U*22099~N1*PE*M M WIESE WAIBEL LCSW*XX*1902991391~N3*800 RARITAN RD~N4*CLARK*NJ*070661710~REF*PQ*2621359190~REF*TJ*262135919~LX*1~CLP*3HZN44584460*1*125*35*25*13*780261227872585   00**1~NM1*QC*1*GRESS*ROBERT****MI*3HZN445844600~NM1*74*1*GRESS*ROBERT*W***C*HSE3HZN44584460~NM1*82*2*M M WIESE WAIBEL LCSW*****XX*1902991391~DTM*050*20121004~DTM*232*20120717~DTM*233*20120717~PER*CX*NATIONAL ACCOUNTS POS*TE*8006244758~AMT*AU*60~AMT*T2*35~SVC*HC:90806*125*35**1~DTM*472*20120717~CAS*PR*3*25~CAS*CO*45*65~REF*6R*2383HZN44584460~REF*HPI*1902991391~AMT*B6*60~CLP*3HZN63444600*1*125*42*18*13*780261227870656   00**1~NM1*QC*1*MOUNT*CAROLE*M***MI*HSE3HZN63444600~NM1*IL*1*MOUNT*TIMOTHY****MI*3HZN634446000~NM1*74*1*MOUNT*TIMOTHY*S***C*3HZN634446000~NM1*82*2*M M WIESE WAIBEL LCSW*****XX*1902991391~DTM*050*20121004~DTM*232*20120730~DTM*233*20120730~PER*CX*NATIONAL ACCOUNTS POS*TE*8006244758~AMT*AU*60~AMT*T2*42~SVC*HC:90806*125*42**1~DTM*472*20120730~CAS*PR*2*18~CAS*CO*45*65~REF*6R*8003HZN63444600~REF*HPI*1902991391~AMT*B6*60~SE*51*0001~ST*835*0002~BPR*I*26.39*C*CHK************20121012~TRN*1*149514901*1220999690*22099~DTM*405*20121012~N1*PR*HORIZON BCBSNJ~N3*3 PENN PLAZA~N4*NEWARK*NJ*071010420~REF*2U*22099~PER*CX**TE*8883349242~N1*PE*M M WIESE WAIBEL LCSW*XX*1902991391~N3*800 RARITAN ROAD~N4*CLARK*NJ*070661710~REF*TJ*262135919~LX*1~CLP*140345760 B*2*125*26.39**12*27122791777000780*11*1~NM1*QC*1*ANDROLOWICZ*ROSE*M***MI*R12245853~NM1*74*1**STANLEY*R~DTM*050*20121005~DTM*232*20120820~AMT*AU*65.97~SVC*HC:90806*125*26.39**1~DTM*472*20120820~CAS*OA*23*98.61~REF*6R*LX01~AMT*B6*65.97~SE*26*0002~ST*835*0003~BPR*I*108*C*ACH*CCP*01*031100225*DA*2079950064280/*1220999690**01*231372691*DA*0181143836*20121013~TRN*1*0002524295*1220999690*8352012101412340682~REF*EV*1902991391~DTM*405*20121013~N1*PR*HORIZON BCBSNJ~N3*PAYOR ADDRESS 1~N4*NEWARK*NJ*071010420~REF*2U*22099~N1*PE*M M WIESE WAIBEL LCSW*XX*1902991391~N3*800 RARITAN RD~N4*CLARK*NJ*070661710~REF*PQ*2621359190~REF*TJ*262135919~LX*1~CLP*3HZN22531530*1*375*108*137*13*780261227858808   00**1~NM1*QC*1*WRIGHT*MICHAEL****MI*3HZN225315300~NM1*74*1*WRIGHT*MICHAEL*K***C*NJX3HZN22531530~NM1*82*2*M M WIESE WAIBEL LCSW*****XX*1902991391~DTM*050*20121004~DTM*232*20120716~DTM*233*20120731~PER*CX*NJ DIRECT*TE*8006241110~AMT*AU*120~AMT*T2*108~SVC*HC:90806*125*54**1~DTM*472*20120716~CAS*PR*2*6~CAS*CO*45*65~REF*6R*7283HZN22531530~REF*HPI*1902991391~AMT*B6*60~SVC*HC:90806*125*54**1~DTM*472*20120724~CAS*PR*2*6~CAS*CO*45*65~REF*6R*7293HZN22531530~REF*HPI*1902991391~AMT*B6*60~SVC*HC:90806*125*0**1~DTM*472*20120731~CAS*PR*39*125~REF*6R*7303HZN22531530~REF*HPI*1902991391~SE*45*0003~GE*3*119122866~IEA*1*119122866~
