ISA*00*          *00*          *ZZ*330897513      *ZZ*ASSOCIATEDBC   *121017*0307*U*00401*119292247*0*P*:~GS*HP*330897513*ASSOCIATEDBC*20121017*0307*119292247*X*004010X091A1~ST*835*0001~BPR*H*0*C*NON************20121017~TRN*1*012197756*1216000928~REF*EV*9904204~DTM*405*20121012~N1*PR*NEW JERSEY MEDICAID~N3*3705 QUAKERBRIDGE ROAD, SUITE 101~N4*TRENTON*NJ*086191288~PER*CX*NEW JERSEY MEDICAID PROVIDER SERVICES*TE*8007766334~N1*PE*WAY          KAREN      GPHD*XX*1477603942~REF*PQ*0225177~REF*TJ*008388097~LX*1~CLP*233057655620*4*130*0**MC*201227501141301-12580762*11~NM1*QC*1*CONSU*B****MR*233057655620~DTM*232*20120830~DTM*233*20120830~SVC*HC:90806*130*0~DTM*472*20120830~CAS*OA*16*130~AMT*B6*71.18~LQ*HE*N45~LQ*HE*N14~SE*24*0001~GE*1*119292247~IEA*1*119292247~
