ISA*00*          *00*          *ZZ*330897513      *ZZ*ASSOCIATEDBC   *121024*0014*U*00401*119982044*0*P*:~GS*HP*330897513*ASSOCIATEDBC*20121024*0014*119982044*X*004010X091A1~ST*835*0001~BPR*H*0*C*NON************20121024~TRN*1*012208697*1216000928~REF*EV*9904204~DTM*405*20121019~N1*PR*NEW JERSEY MEDICAID~N3*3705 QUAKERBRIDGE ROAD, SUITE 101~N4*TRENTON*NJ*086191288~PER*CX*NEW JERSEY MEDICAID PROVIDER SERVICES*TE*8007766334~N1*PE*WAY          KAREN      GPHD*XX*1477603942~REF*PQ*0225177~REF*TJ*008388097~LX*1~CLP*135742336A*2*130*0**MC*201229122403301-0670*11*1~NM1*QC*1*HAMMOND*NORMAN****MR*122081285101~REF*EA*0812257158670~DTM*232*20120828~DTM*233*20120828~SVC*HC:90806*130*0**1**0~DTM*472*20120828~CAS*CO*45*130~REF*6R*LX#01~LQ*HE*M86~CLP*124704137 A*2*130*0**MC*201229121173201-0670*11*1~NM1*QC*1*KIM*SUN*C***MR*122001580001~REF*EA*0812257158680~DTM*232*20120828~DTM*233*20120828~SVC*HC:90806*130*0**1**0~DTM*472*20120828~CAS*CO*45*130~REF*6R*LX#01~LQ*HE*M86~CLP*135405190 A*2*130*0**MC*201229121626601-0670*11*1~NM1*QC*1*ZABOROWSKI*RAYMOND*T***MR*122077125801~REF*EA*0812257158700~DTM*232*20120829~DTM*233*20120829~SVC*HC:90806*130*0**1**0~DTM*472*20120829~CAS*CO*45*130~REF*6R*LX#01~LQ*HE*M86~CLP*137640510A*2*130*0**MC*201229121626501-0670*11*1~NM1*QC*1*SANCHEZ*ARAENA****MR*182000374401~REF*EA*0812257158690~DTM*232*20120830~DTM*233*20120830~SVC*HC:90806*130*0**1**0~DTM*472*20120830~CAS*CO*45*130~REF*6R*LX#01~LQ*HE*M86~CLP*026662235A*2*150*0**MC*201229121626401-0670*11*1~NM1*QC*1*GRIMALDI*JENNIFER*J***MR*212080697401~REF*EA*0812257158660~DTM*232*20120831~DTM*233*20120831~SVC*HC:90806*150*0**1**0~DTM*472*20120831~CAS*CO*45*150~REF*6R*LX#01~LQ*HE*M86~SE*64*0001~GE*1*119982044~IEA*1*119982044~
