ISA*00*          *00*          *ZZ*330897513      *ZZ*ASSOCIATEDBC   *121025*0818*U*00401*120134429*0*P*:~GS*HP*330897513*ASSOCIATEDBC*20121025*0818*120134429*X*004010X091A1~ST*835*0001~BPR*I*275*C*ACH*CCP*01*031100225*DA*2079950064280/*1220999690**01*231372691*DA*0181143836*20121020~TRN*1*0002560740*1220999690*8352012102216220704~REF*EV*1902991391~DTM*405*20121020~N1*PR*HORIZON BCBSNJ~N3*PAYOR ADDRESS 1~N4*NEWARK*NJ*071010420~REF*2U*22099~N1*PE*M M WIESE WAIBEL LCSW*XX*1902991391~N3*800 RARITAN RD~N4*CLARK*NJ*070661710~REF*PQ*2621359190~REF*TJ*262135919~LX*1~CLP*3HZN74465430*1*125*59*10*12*780261229370990   00**1~NM1*QC*1*DOHERTY*MARCELLE*N***MI*YHB3HZN74465430~NM1*IL*1*DOHERTY*DANIEL****MI*3HZN744654300~NM1*74*1*DOHERTY*DANIEL*J***C*3HZN744654300~NM1*82*2*M M WIESE WAIBEL LCSW*****XX*1902991391~DTM*050*20121019~DTM*232*20121004~DTM*233*20121004~PER*CX*NATIONAL ACCOUNTS SERVICED IN MT.LAUREL*TE*8006244758~AMT*AU*69~AMT*T2*59~SVC*HC:90806*125*59**1~DTM*472*20121004~CAS*PR*3*10~CAS*CO*45*56~REF*6R*6313HZN74465430~REF*HPI*1902991391~AMT*B6*69~CLP*3HZN56316950*1*250*108*30*12*780261229371340   00**1~NM1*QC*1*DUFFY*JULIE****MI*3HZN563169500~NM1*74*1*DUFFY*JULIE*A***C*YHB3HZN56316950~NM1*82*2*M M WIESE WAIBEL LCSW*****XX*1902991391~DTM*050*20121019~DTM*232*20121005~DTM*233*20121012~PER*CX*NATIONAL ACCOUNTS SERVICED IN MT.LAUREL*TE*8006244758~AMT*AU*138~AMT*T2*108~SVC*HC:90806*125*54**1~DTM*472*20121005~CAS*PR*3*15~CAS*CO*45*56~REF*6R*6323HZN56316950~REF*HPI*1902991391~AMT*B6*69~SVC*HC:90806*125*54**1~DTM*472*20121012~CAS*PR*3*15~CAS*CO*45*56~REF*6R*6333HZN56316950~REF*HPI*1902991391~AMT*B6*69~CLP*3HZN14345840*1*250*108*30*12*780261229370878   00**1~NM1*QC*1*GREFFER*CHANTAL****MI*3HZN143458400~NM1*74*1*GREFFER*CHANTAL*M***C*YHB3HZN14345840~NM1*82*2*M M WIESE WAIBEL LCSW*****XX*1902991391~DTM*050*20121019~DTM*232*20121001~DTM*233*20121008~PER*CX*NATIONAL ACCOUNTS SERVICED IN MT.LAUREL*TE*8006244758~AMT*AU*138~AMT*T2*108~SVC*HC:90806*125*54**1~DTM*472*20121001~CAS*PR*3*15~CAS*CO*45*56~REF*6R*6623HZN14345840~REF*HPI*1902991391~AMT*B6*69~SVC*HC:90806*125*54**1~DTM*472*20121008~CAS*PR*3*15~CAS*CO*45*56~REF*6R*6633HZN14345840~REF*HPI*1902991391~AMT*B6*69~SE*82*0001~GE*1*120134429~IEA*1*120134429~
