ISA*00*          *00*          *ZZ*330897513      *ZZ*ASSOCIATEDBC   *121025*2243*U*00401*120224572*0*P*:~GS*HP*330897513*ASSOCIATEDBC*20121025*2243*120224572*X*004010X091A1~ST*835*0001~BPR*I*371*C*ACH*CCP*01*031100225*DA*2079950064280/*1220999690**01*231372691*DA*0181143836*20121023~TRN*1*0002568141*1220999690*8352012102400570717~REF*EV*1902991391~DTM*405*20121023~N1*PR*HORIZON BCBSNJ~N3*PAYOR ADDRESS 1~N4*NEWARK*NJ*071010420~REF*2U*22099~N1*PE*M M WIESE WAIBEL LCSW*XX*1902991391~N3*800 RARITAN RD~N4*CLARK*NJ*070661710~REF*PQ*2621359190~REF*TJ*262135919~LX*1~CLP*3HZN71563020*1*250*100*20*13*780261229375921   00**1~NM1*QC*1*BONILLA*NANCY****MI*NJX3HZN71563020~NM1*82*2*M M WIESE WAIBEL LCSW*****XX*1902991391~DTM*050*20121019~DTM*232*20121002~DTM*233*20121009~PER*CX*NJ DIRECT*TE*8006241110~AMT*AU*120~AMT*T2*100~SVC*HC:90806*125*50**1~DTM*472*20121002~CAS*PR*3*10~CAS*CO*45*65~REF*6R*6113HZN71563020~REF*HPI*1902991391~AMT*B6*60~SVC*HC:90806*125*50**1~DTM*472*20121009~CAS*PR*3*10~CAS*CO*45*65~REF*6R*6133HZN71563020~REF*HPI*1902991391~AMT*B6*60~CLP*3HZN77593920*1*250*62*10*13*780261229374833   00**1~NM1*QC*1*DANIELSON*CHRISTINE****MI*NJX3HZN77593920~NM1*IL*1*FAUGHNAN*RICHARD****MI*3HZN775939201~NM1*74*1*FAUGHNAN*RICHARD*F***C*3HZN775939201~NM1*82*2*M M WIESE WAIBEL LCSW*****XX*1902991391~DTM*050*20121019~DTM*232*20121010~DTM*233*20121010~PER*CX*NJ DIRECT*TE*8006241110~AMT*AU*72~AMT*T2*62~SVC*HC:90801*250*62**1~DTM*472*20121010~CAS*PR*3*10~CAS*CO*45*178~REF*6R*6293HZN77593920~REF*HPI*1902991391~AMT*B6*72~CLP*3HZN91896620*1*250*100*20*13*780261229374527   00**1~NM1*QC*1*GOLDATE*PATRICIA****MI*3HZN918966200~NM1*74*1*GOLDATE*PATRICIA*A***C*NJX3HZN91896620~NM1*82*2*M M WIESE WAIBEL LCSW*****XX*1902991391~DTM*050*20121019~DTM*232*20121004~DTM*233*20121011~PER*CX*NJ DIRECT*TE*8006241110~AMT*AU*120~AMT*T2*100~SVC*HC:90806*125*50**1~DTM*472*20121004~CAS*PR*3*10~CAS*CO*45*65~REF*6R*6533HZN91896620~REF*HPI*1902991391~AMT*B6*60~SVC*HC:90806*125*50**1~DTM*472*20121011~CAS*PR*3*10~CAS*CO*45*65~REF*6R*6543HZN91896620~REF*HPI*1902991391~AMT*B6*60~CLP*3HZN36191530*1*125*45*15*13*780261229375314   00**1~NM1*QC*1*LENAHAN*MEAGHAN****MI*3HZN361915300~NM1*74*1*LENAHAN*MEAGHAN*M***C*NJX3HZN36191530~NM1*82*2*M M WIESE WAIBEL LCSW*****XX*1902991391~DTM*050*20121019~DTM*232*20121011~DTM*233*20121011~PER*CX*NJ DIRECT*TE*8006241110~AMT*AU*60~AMT*T2*45~SVC*HC:90806*125*45**1~DTM*472*20121011~CAS*PR*3*15~CAS*CO*45*65~REF*6R*6853HZN36191530~REF*HPI*1902991391~AMT*B6*60~CLP*3HZN15469020*1*250*0*250*13*780261229374225   00**1~NM1*QC*1*MONDI*NICHOL****MI*NJX3HZN15469020~NM1*IL*1*MONDI*FREDERICK****MI*3HZN154690200~NM1*74*1*MONDI*FREDERICK*B***C*3HZN154690200~NM1*82*2*M M WIESE WAIBEL LCSW*****XX*1902991391~DTM*050*20121019~DTM*232*20121001~DTM*233*20121008~PER*CX*NJ DIRECT*TE*8006241110~SVC*HC:90806*125*0**1~DTM*472*20121001~CAS*PR*22*125~REF*6R*6933HZN15469020~REF*HPI*1902991391~SVC*HC:90806*125*0**1~DTM*472*20121008~CAS*PR*22*125~REF*6R*6943HZN15469020~REF*HPI*1902991391~CLP*3HZN22531530*1*125*54*6*13*780261229374922   00**1~NM1*QC*1*WRIGHT*MICHAEL****MI*3HZN225315300~NM1*74*1*WRIGHT*MICHAEL*K***C*NJX3HZN22531530~NM1*82*2*M M WIESE WAIBEL LCSW*****XX*1902991391~DTM*050*20121019~DTM*232*20121002~DTM*233*20121002~PER*CX*NJ DIRECT*TE*8006241110~AMT*AU*60~AMT*T2*54~SVC*HC:90806*125*54**1~DTM*472*20121002~CAS*PR*2*6~CAS*CO*45*65~REF*6R*7433HZN22531530~REF*HPI*1902991391~AMT*B6*60~CLP*3HZN04606950*1*125*10*50*HM*12296E0001699     00*11~NM1*QC*1*GEARDINO*CATHLIN*V***MI*136604155~NM1*IL*1*GEARDINO*THEODORE****MI*3HZN04606950~NM1*82*2*MAUREEN M WIESE WAIBEL LCSW*****XX*1902991391~DTM*050*20121019~DTM*232*20121004~DTM*233*20121004~PER*CX*HORIZON BLUE CROSS BLUE SHIELD OF NEW JERSEY HMO*TE*8006241110~AMT*AU*60~AMT*T2*10~SVC*HC:90806*125*10**1~DTM*472*20121004~CAS*CO*45*65~CAS*PR*3*50~REF*6R*6473HZN04606950~REF*HPI*1902991391~AMT*B6*60~SE*151*0001~GE*1*120224572~IEA*1*120224572~
