ISA*00*          *00*          *ZZ*330897513      *ZZ*ASSOCIATEDBC   *121027*0338*U*00401*120352530*0*P*:~GS*HP*330897513*ASSOCIATEDBC*20121027*0338*120352530*X*004010X091A1~ST*835*0001~BPR*I*132*C*ACH*CCP*01*031100225*DA*2079950064280/*1220999690**01*231372691*DA*0181143836*20121024~TRN*1*0002575356*1220999690*8352012102511270704~REF*EV*1902991391~DTM*405*20121024~N1*PR*HORIZON BCBSNJ~N3*PAYOR ADDRESS 1~N4*NEWARK*NJ*071010420~REF*2U*22099~N1*PE*M M WIESE WAIBEL LCSW*XX*1902991391~N3*800 RARITAN RD~N4*CLARK*NJ*070661710~REF*PQ*2621359190~REF*TJ*262135919~LX*1~CLP*MKGAN3670307*1*125*44*25*12*780261229375920   00**1~NM1*QC*1*FRANCIS*TIFFANY****MI*MKGAN3670307~NM1*82*2*M M WIESE WAIBEL LCSW*****XX*1902991391~DTM*050*20121019~DTM*232*20121008~DTM*233*20121008~AMT*AU*69~AMT*T2*44~SVC*HC:90806*125*44**1~DTM*472*20121008~CAS*PR*3*25~CAS*CO*45*56~REF*6R*639MKGAN3670307~REF*HPI*1902991391~AMT*B6*69~CLP*ROQ5052733500*1*125*44*25*12*780261229371936   00**1~NM1*QC*1*KOVATCH*LISA****MI*ROQ5052733500~NM1*82*2*M M WIESE WAIBEL LCSW*****XX*1902991391~DTM*050*20121019~DTM*232*20121010~DTM*233*20121010~AMT*AU*69~AMT*T2*44~SVC*HC:90806*125*44**1~DTM*472*20121010~CAS*PR*3*25~CAS*CO*45*56~REF*6R*678ROQ5052733500~REF*HPI*1902991391~AMT*B6*69~CLP*BLM88988917*1*125*44*25*12*780261229371935   00**1~NM1*QC*1*STRYKER*MELISSA****MI*BLM88988917~NM1*IL*1*MARTA*THOMAS*J***MI*BLM88988917~NM1*82*2*M M WIESE WAIBEL LCSW*****XX*1902991391~DTM*050*20121019~DTM*232*20121001~DTM*233*20121001~AMT*AU*69~AMT*T2*44~SVC*HC:90806*125*44**1~DTM*472*20121001~CAS*PR*3*25~CAS*CO*45*56~REF*6R*721BLM88988917~REF*HPI*1902991391~AMT*B6*69~SE*62*0001~GE*1*120352530~IEA*1*120352530~
