ISA*00*          *00*          *ZZ*330897513      *ZZ*ASSOCIATEDBC   *121029*2101*U*00401*120525124*0*P*:~GS*HP*330897513*ASSOCIATEDBC*20121029*2101*120525124*X*004010X091A1~ST*835*0001~BPR*I*10*C*ACH*CCP*01*031100225*DA*2079950064280/*1220999690**01*231372691*DA*0181143836*20120920~TRN*1*0002401445*1220999690*8352012092023460664~REF*EV*1902991391~DTM*405*20120920~N1*PR*HORIZON BCBSNJ~N3*PAYOR ADDRESS 1~N4*NEWARK*NJ*071010820~REF*2U*22099~N1*PE*MAUREEN M WIESE WAIBEL LCSW*XX*1902991391~N3*800 RARITAN RD~N4*CLARK*NJ*070661710~REF*PQ*2621359190~REF*TJ*262135919~LX*1~CLP*3HZN04606950*1*125*10*50*HM*12263E0003062     00*11~NM1*QC*1*GEARDINO*CATHLIN*V***MI*136604155~NM1*IL*1*GEARDINO*THEODORE****MI*3HZN04606950~NM1*82*2*MAUREEN M WIESE WAIBEL LCSW*****XX*1902991391~DTM*050*20120918~DTM*232*20120906~DTM*233*20120906~PER*CX*HORIZON BLUE CROSS BLUE SHIELD OF NEW JERSEY HMO*TE*8006241110~AMT*AU*60~AMT*T2*10~SVC*HC:90806*125*10**1~DTM*472*20120906~CAS*CO*45*65~CAS*PR*3*50~REF*6R*8633HZN04606950~REF*HPI*1902991391~AMT*B6*60~SE*33*0001~ST*835*0002~BPR*I*175*C*ACH*CCP*01*031100225*DA*2079950064280/*1220999690**01*231372691*DA*0181143836*20121025~TRN*1*0002582801*1220999690*8352012102600520727~REF*EV*1902991391~DTM*405*20121025~N1*PR*HORIZON BCBSNJ~N3*PAYOR ADDRESS 1~N4*NEWARK*NJ*071010420~REF*2U*22099~N1*PE*M M WIESE WAIBEL LCSW*XX*1902991391~N3*800 RARITAN RD~N4*CLARK*NJ*070661710~REF*PQ*2621359190~REF*TJ*262135919~LX*1~CLP*3HZN03939260*1*250*90*30*13*780261229371637   00**1~NM1*QC*1*SOMERS*ELAINE****MI*YHQ3HZN03939260~NM1*IL*1*SOMERS*ROBERT****MI*3HZN039392600~NM1*82*2*M M WIESE WAIBEL LCSW*****XX*1902991391~DTM*050*20121019~DTM*232*20121005~DTM*233*20121012~PER*CX*HORIZON BLUE CROSS BLUE SHIELD OF NEW JERSEY DIRECT ACCESS*TE*8006241110~AMT*AU*120~AMT*T2*90~SVC*HC:90806*125*45**1~DTM*472*20121005~CAS*PR*3*15~CAS*CO*45*65~REF*6R*7163HZN03939260~REF*HPI*1902991391~AMT*B6*60~SVC*HC:90806*125*45**1~DTM*472*20121012~CAS*PR*3*15~CAS*CO*45*65~REF*6R*7173HZN03939260~REF*HPI*1902991391~AMT*B6*60~CLP*3HZN55591900*1*125*30*30*13*780261229370876   00**1~NM1*QC*1*TORRE*JOSEPH****MI*YHQ3HZN55591900~NM1*82*2*M M WIESE WAIBEL LCSW*****XX*1902991391~DTM*050*20121019~DTM*232*20121011~DTM*233*20121011~PER*CX*HORIZON BLUE CROSS BLUE SHIELD OF NEW JERSEY DIRECT ACCESS*TE*8006241110~AMT*AU*60~AMT*T2*30~SVC*HC:90806*125*30**1~DTM*472*20121011~CAS*PR*3*30~CAS*CO*45*65~REF*6R*7303HZN55591900~REF*HPI*1902991391~AMT*B6*60~CLP*3HZN69937170*1*125*35*25*13*780261229370877   00**1~NM1*QC*1*ORSINI*SUSAN*J***MI*HEF3HZN69937170~NM1*IL*1*ORSINI*NICHOLAS****MI*3HZN699371700~NM1*74*1*ORSINI*NICHOLAS*R***C*3HZN699371700~NM1*82*2*M M WIESE WAIBEL LCSW*****XX*1902991391~DTM*050*20121019~DTM*232*20121010~DTM*233*20121010~PER*CX*NATIONAL ACCOUNTS POS*TE*8006244758~AMT*AU*60~AMT*T2*35~SVC*HC:90806*125*35**1~DTM*472*20121010~CAS*PR*3*25~CAS*CO*45*65~REF*6R*7003HZN69937170~REF*HPI*1902991391~AMT*B6*60~CLP*3HZN89299890*1*125*20*40*13*780261229371339   00**1~NM1*QC*1*SHAH*ROSEMARIE****MI*YHX3HZN89299890~NM1*IL*1*SHAH*HR****MI*3HZN892998900~NM1*74*1*SHAH*HASMUKH*R***C*3HZN892998900~NM1*82*2*M M WIESE WAIBEL LCSW*****XX*1902991391~DTM*050*20121019~DTM*232*20121010~DTM*233*20121010~PER*CX*NATIONAL ACCOUNTS POS*TE*8006244758~AMT*AU*60~AMT*T2*20~SVC*HC:90806*125*20**1~DTM*472*20121010~CAS*PR*3*40~CAS*CO*45*65~REF*6R*7053HZN89299890~REF*HPI*1902991391~AMT*B6*60~SE*92*0002~ST*835*0003~BPR*I*20*C*ACH*CCP*01*031100225*DA*2079950064280/*1220999690**01*231372691*DA*0181143836*20121026~TRN*1*0002589945*1220999690*8352012102702400737~REF*EV*1902991391~DTM*405*20121026~N1*PR*HORIZON BCBSNJ~N3*PAYOR ADDRESS 1~N4*NEWARK*NJ*071010420~REF*2U*22099~N1*PE*M M WIESE WAIBEL LCSW*XX*1902991391~N3*800 RARITAN RD~N4*CLARK*NJ*070661710~REF*PQ*2621359190~REF*TJ*262135919~LX*1~CLP*151662088A*2*125*20*6.39*13*780281229807083   00**1~NM1*QC*1*CICALESE*KRISTA*A***MI*3HZN98001790~NM1*82*2*M M WIESE WAIBEL LCSW*****XX*1902991391~DTM*050*20121024~DTM*232*20120911~DTM*233*20120911~PER*CX*NATIONAL ACCOUNTS POS*TE*8006244758~AMT*AU*60~AMT*T2*20~SVC*HC:90806*125*20**1~DTM*472*20120911~CAS*PR*3*40**204*-33.61~CAS*OA*23*98.61~REF*6R*LX01~REF*HPI*1902991391~AMT*B6*60~SE*32*0003~ST*835*0004~BPR*I*98*C*CHK************20121026~TRN*1*149807663*1220999690*22099~DTM*405*20121026~N1*PR*HORIZON BCBSNJ~N3*3 PENN PLAZA~N4*NEWARK*NJ*071010420~REF*2U*22099~PER*CX**TE*8883349242~N1*PE*M M WIESE WAIBEL LCSW*XX*1902991391~N3*800 RARITAN ROAD~N4*CLARK*NJ*070661710~REF*TJ*262135919~LX*1~CLP*R58551940*1*125*49*20*12*26122937502400780*11*1~NM1*QC*1*LIHOU*MARY****MI*R58551940~REF*G1*NOT REQUIRED~DTM*050*20121019~DTM*232*20121003~AMT*AU*69~SVC*HC:90806*125*49**1~DTM*472*20121003~CAS*PR*2*20~CAS*CO*45*56~REF*6R*688R58551940~AMT*B6*69~CLP*R58027107*1*125*49*20*12*26122937610800780*11*1~NM1*QC*1*MULLIGAN*CHERYL****MI*R58027107~NM1*IL*1*MULLIGAN*THOMAS****MI*R58027107~REF*G1*NOT REQUIRED~DTM*050*20121019~DTM*232*20121003~AMT*AU*69~SVC*HC:90806*125*49**1~DTM*472*20121003~CAS*PR*2*20~CAS*CO*45*56~REF*6R*696R58027107~AMT*B6*69~SE*40*0004~ST*835*0005~BPR*I*144*C*ACH*CCP*01*031100225*DA*2079950064280/*1220999690**01*231372691*DA*0181143836*20121027~TRN*1*0002597138*1220999690*8352012102800120707~REF*EV*1902991391~DTM*405*20121027~N1*PR*HORIZON BCBSNJ~N3*PAYOR ADDRESS 1~N4*NEWARK*NJ*071010420~REF*2U*22099~N1*PE*M M WIESE WAIBEL LCSW*XX*1902991391~N3*800 RARITAN RD~N4*CLARK*NJ*070661710~REF*PQ*2621359190~REF*TJ*262135919~LX*1~CLP*3HZN27215180*1*250*90*30*13*780261229375919   00**1~NM1*QC*1*KELLETT KESSELMAN*MELISSA*J***MI*NJX3HZN27215180~NM1*IL*1*KESSELMAN*KEVIN****MI*3HZN272151800~NM1*74*1*KESSELMAN*KEVIN*A***C*3HZN272151800~NM1*82*2*M M WIESE WAIBEL LCSW*****XX*1902991391~DTM*050*20121019~DTM*232*20121002~DTM*233*20121009~PER*CX*NJ DIRECT*TE*8006241110~AMT*AU*120~AMT*T2*90~SVC*HC:90806*125*45**1~DTM*472*20121002~CAS*PR*3*15~CAS*CO*45*65~REF*6R*6723HZN27215180~REF*HPI*1902991391~AMT*B6*60~SVC*HC:90806*125*45**1~DTM*472*20121009~CAS*PR*3*15~CAS*CO*45*65~REF*6R*6743HZN27215180~REF*HPI*1902991391~AMT*B6*60~CLP*3HZN22531530*22*-375*-108**13*780261227858808   01**1~CAS*CR*96*137~CAS*CR*96*-137~NM1*QC*1*WRIGHT*MICHAEL****MI*3HZN225315300~NM1*74*1*WRIGHT*MICHAEL*K***C*NJX3HZN22531530~NM1*82*2*M M WIESE WAIBEL LCSW*****XX*1902991391~MOA***MA69~DTM*050*20121026~DTM*232*20120716~DTM*233*20120731~PER*CX*NJ DIRECT*TE*8006241110~AMT*AU*-120~SVC*HC:90806*-125*-54**1~DTM*472*20120716~CAS*CR*2*-6~CAS*CR*45*-65~REF*6R*7283HZN22531530~REF*HPI*1902991391~SVC*HC:90806*-125*-54**1~DTM*472*20120724~CAS*CR*2*-6~CAS*CR*45*-65~REF*6R*7293HZN22531530~REF*HPI*1902991391~SVC*HC:90806*-125*0**1~DTM*472*20120731~CAS*CR*39*-125~REF*6R*7303HZN22531530~REF*HPI*1902991391~CLP*3HZN22531530*1*375*162*18*13*780261227858808   02**1~NM1*QC*1*WRIGHT*MICHAEL****MI*3HZN225315300~NM1*74*1*WRIGHT*MICHAEL*K***C*NJX3HZN22531530~NM1*82*2*M M WIESE WAIBEL LCSW*****XX*1902991391~DTM*050*20121004~DTM*232*20120716~DTM*233*20120731~PER*CX*NJ DIRECT*TE*8006241110~AMT*AU*180~AMT*T2*54~SVC*HC:90806*125*54**1~DTM*472*20120716~CAS*PR*2*6~CAS*CO*45*65~REF*6R*7283HZN22531530~REF*HPI*1902991391~AMT*B6*60~SVC*HC:90806*125*54**1~DTM*472*20120724~CAS*PR*2*6~CAS*CO*45*65~REF*6R*7293HZN22531530~REF*HPI*1902991391~AMT*B6*60~SVC*HC:90806*125*54**1~DTM*472*20120731~CAS*PR*2*6~CAS*CO*45*65~REF*6R*7303HZN22531530~REF*HPI*1902991391~AMT*B6*60~SE*101*0005~GE*5*120525124~IEA*1*120525124~
