ISA*00*          *00*          *ZZ*330897513      *ZZ*ASSOCIATEDBC   *121031*0259*U*00401*120666786*0*P*:~GS*HP*330897513*ASSOCIATEDBC*20121031*0259*120666786*X*004010X091A1~ST*835*0001~BPR*H*0*C*NON************20121031~TRN*1*012219586*1216000928~REF*EV*9904204~DTM*405*20121026~N1*PR*NEW JERSEY MEDICAID~N3*3705 QUAKERBRIDGE ROAD, SUITE 101~N4*TRENTON*NJ*086191288~PER*CX*NEW JERSEY MEDICAID PROVIDER SERVICES*TE*8007766334~N1*PE*WAY          KAREN      GPHD*XX*1477603942~REF*PQ*0225177~REF*TJ*008388097~LX*1~CLP*135742336 A*2*130*0**MC*201230022451502-0670*11*1~NM1*QC*1*HAMMOND*NORMAN****MR*122081285101~REF*EA*0812268186800~DTM*232*20120904~DTM*233*20120904~SVC*HC:90806*130*0**1**0~DTM*472*20120904~CAS*CO*45*130~REF*6R*LX#01~LQ*HE*M86~CLP*135405190A*2*130*0**MC*201230021660501-0670*11*1~NM1*QC*1*ZABOROWSKI*RAYMOND*T***MR*122077125801~REF*EA*0812268186820~DTM*232*20120905~DTM*233*20120905~SVC*HC:90806*130*0**1**0~DTM*472*20120905~CAS*CO*45*130~REF*6R*LX#01~LQ*HE*M86~CLP*137640510A*2*130*0**MC*201230021660601-0670*11*1~NM1*QC*1*SANCHEZ*ARAENA****MR*182000374401~REF*EA*0812268186810~DTM*232*20120906~DTM*233*20120906~SVC*HC:90806*130*0**1**0~DTM*472*20120906~CAS*CO*45*130~REF*6R*LX#01~LQ*HE*M86~CLP*026662235A*2*150*0**MC*201230021660401-0670*11*1~NM1*QC*1*GRIMALDI*JENNIFER*J***MR*212080697401~REF*EA*0812268186790~DTM*232*20120907~DTM*233*20120907~SVC*HC:90806*150*0**1**0~DTM*472*20120907~CAS*CO*45*150~REF*6R*LX#01~LQ*HE*M86~CLP*026662235A*2*150*0**MC*201230021660402-0670*11*1~NM1*QC*1*GRIMALDI*JENNIFER*J***MR*212080697401~REF*EA*0812268186790~DTM*232*20120910~DTM*233*20120910~SVC*HC:90806*150*0**1**0~DTM*472*20120910~CAS*CO*45*150~REF*6R*LX#02~LQ*HE*M86~CLP*135742336 A*2*130*0**MC*201230022451501-0670*11*1~NM1*QC*1*HAMMOND*NORMAN****MR*122081285101~REF*EA*0812268186800~DTM*232*20120911~DTM*233*20120911~SVC*HC:90806*130*0**1**0~DTM*472*20120911~CAS*CO*45*130~REF*6R*LX#02~LQ*HE*M86~CLP*137640510A*2*130*0**MC*201230021660602-0670*11*1~NM1*QC*1*SANCHEZ*ARAENA****MR*182000374401~REF*EA*0812268186810~DTM*232*20120913~DTM*233*20120913~SVC*HC:90806*130*0**1**0~DTM*472*20120913~CAS*CO*45*130~REF*6R*LX#02~LQ*HE*M86~SE*84*0001~GE*1*120666786~IEA*1*120666786~
