ISA*00*          *00*          *ZZ*330897513      *ZZ*ASSOCIATEDBC   *121108*1922*U*00401*121571284*0*P*:~GS*HP*330897513*ASSOCIATEDBC*20121108*1922*121571284*X*004010X091A1~ST*835*0001~BPR*I*225*C*ACH*CCP*01*031100225*DA*2079950064280/*1220999690**01*231372691*DA*0181143836*20121107~TRN*1*0002636148*1220999690*8352012110800120653~REF*EV*1902991391~DTM*405*20121107~N1*PR*HORIZON BCBSNJ~N3*PAYOR ADDRESS 1~N4*NEWARK*NJ*071010420~REF*2U*22099~N1*PE*M M WIESE WAIBEL LCSW*XX*1902991391~N3*800 RARITAN RD~N4*CLARK*NJ*070661710~REF*PQ*2621359190~REF*TJ*262135919~LX*1~CLP*3HZN15469020*22*-250*0**13*780261227854319   01**1~CAS*CR*96*250~CAS*CR*96*-250~NM1*QC*1*MONDI*NICHOL****MI*NJX3HZN15469020~NM1*IL*1*MONDI*FREDERICK****MI*3HZN154690200~NM1*74*1*MONDI*FREDERICK*B***C*3HZN154690200~NM1*82*2*M M WIESE WAIBEL LCSW*****XX*1902991391~MOA***MA69~DTM*050*20121105~DTM*232*20120719~DTM*233*20120726~PER*CX*NJ DIRECT*TE*8006241110~SVC*HC:90806*-125*0**1~DTM*472*20120719~CAS*CR*22*-125~REF*6R*7253HZN15469020~REF*HPI*1902991391~SVC*HC:90806*-125*0**1~DTM*472*20120726~CAS*CR*22*-125~REF*6R*7263HZN15469020~REF*HPI*1902991391~CLP*3HZN15469020*1*250*90*30*13*780261227854319   02**1~NM1*QC*1*MONDI*NICHOL****MI*NJX3HZN15469020~NM1*IL*1*MONDI*FREDERICK****MI*3HZN154690200~NM1*74*1*MONDI*FREDERICK*B***C*3HZN154690200~NM1*82*2*M M WIESE WAIBEL LCSW*****XX*1902991391~DTM*050*20121105~DTM*232*20120719~DTM*233*20120726~PER*CX*NJ DIRECT*TE*8006241110~AMT*AU*120~AMT*T2*90~SVC*HC:90806*125*45**1~DTM*472*20120719~CAS*PR*3*15~CAS*CO*45*65~REF*6R*7253HZN15469020~REF*HPI*1902991391~AMT*B6*60~SVC*HC:90806*125*45**1~DTM*472*20120726~CAS*PR*3*15~CAS*CO*45*65~REF*6R*7263HZN15469020~REF*HPI*1902991391~AMT*B6*60~CLP*3HZN15469020*22*-250*0**13*780261229374225   01**1~CAS*CR*96*250~CAS*CR*96*-250~NM1*QC*1*MONDI*NICHOL****MI*NJX3HZN15469020~NM1*IL*1*MONDI*FREDERICK****MI*3HZN154690200~NM1*74*1*MONDI*FREDERICK*B***C*3HZN154690200~NM1*82*2*M M WIESE WAIBEL LCSW*****XX*1902991391~MOA***MA69~DTM*050*20121105~DTM*232*20121001~DTM*233*20121008~PER*CX*NJ DIRECT*TE*8006241110~SVC*HC:90806*-125*0**1~DTM*472*20121001~CAS*CR*22*-125~REF*6R*6933HZN15469020~REF*HPI*1902991391~SVC*HC:90806*-125*0**1~DTM*472*20121008~CAS*CR*22*-125~REF*6R*6943HZN15469020~REF*HPI*1902991391~CLP*3HZN15469020*1*250*90*30*13*780261229374225   02**1~NM1*QC*1*MONDI*NICHOL****MI*NJX3HZN15469020~NM1*IL*1*MONDI*FREDERICK****MI*3HZN154690200~NM1*74*1*MONDI*FREDERICK*B***C*3HZN154690200~NM1*82*2*M M WIESE WAIBEL LCSW*****XX*1902991391~DTM*050*20121105~DTM*232*20121001~DTM*233*20121008~PER*CX*NJ DIRECT*TE*8006241110~AMT*AU*120~AMT*T2*90~SVC*HC:90806*125*45**1~DTM*472*20121001~CAS*PR*3*15~CAS*CO*45*65~REF*6R*6933HZN15469020~REF*HPI*1902991391~AMT*B6*60~SVC*HC:90806*125*45**1~DTM*472*20121008~CAS*PR*3*15~CAS*CO*45*65~REF*6R*6943HZN15469020~REF*HPI*1902991391~AMT*B6*60~CLP*3HZN15469020*22*-125*0**13*780271227719626   01**1~CAS*CR*96*125~CAS*CR*96*-125~NM1*QC*1*MONDI*NICHOL****MI*NJX3HZN15469020~NM1*IL*1*MONDI*FREDERICK****MI*3HZN154690200~NM1*74*1*MONDI*FREDERICK*B***C*3HZN154690200~NM1*82*2*M M WIESE WAIBEL LCSW*****XX*1902991391~MOA***MA69~DTM*050*20121105~DTM*232*20120924~DTM*233*20120924~PER*CX*NJ DIRECT*TE*8006241110~SVC*HC:90806*-125*0**1~DTM*472*20120924~CAS*CR*22*-125~REF*6R*0333HZN15469020~REF*HPI*1902991391~CLP*3HZN15469020*1*125*45*15*13*780271227719626   02**1~NM1*QC*1*MONDI*NICHOL****MI*NJX3HZN15469020~NM1*IL*1*MONDI*FREDERICK****MI*3HZN154690200~NM1*74*1*MONDI*FREDERICK*B***C*3HZN154690200~NM1*82*2*M M WIESE WAIBEL LCSW*****XX*1902991391~DTM*050*20121105~DTM*232*20120924~DTM*233*20120924~PER*CX*NJ DIRECT*TE*8006241110~AMT*AU*60~AMT*T2*45~SVC*HC:90806*125*45**1~DTM*472*20120924~CAS*PR*3*15~CAS*CO*45*65~REF*6R*0333HZN15469020~REF*HPI*1902991391~AMT*B6*60~SE*145*0001~GE*1*121571284~IEA*1*121571284~
