ISA*00*          *00*          *ZZ*330897513      *ZZ*ASSOCIATEDBC   *121110*0007*U*00401*121709670*0*P*:~GS*HP*330897513*ASSOCIATEDBC*20121110*0007*121709670*X*004010X091A1~ST*835*0001~BPR*I*237*C*ACH*CCP*01*031100225*DA*2079950064280/*1220999690**01*231372691*DA*0181143836*20121108~TRN*1*0002642120*1220999690*8352012110900240609~REF*EV*1902991391~DTM*405*20121108~N1*PR*HORIZON BCBSNJ~N3*PAYOR ADDRESS 1~N4*NEWARK*NJ*071010420~REF*2U*22099~N1*PE*M M WIESE WAIBEL LCSW*XX*1902991391~N3*800 RARITAN RD~N4*CLARK*NJ*070661710~REF*PQ*2621359190~REF*TJ*262135919~LX*1~CLP*HSE3HZN634446*1*250*70*50*13*780261227854321   00**1~NM1*QC*1*GRANT*MACY****MI*HSE3HZN36444600~NM1*IL*1*MOUNT*TIMOTHY****MI*3HZN634446000~NM1*74*1*MOUNT*TIMOTHY*S***C*3HZN634446000~NM1*82*2*M M WIESE WAIBEL LCSW*****XX*1902991391~DTM*050*20121004~DTM*232*20120720~DTM*233*20120726~PER*CX*NATIONAL ACCOUNTS POS*TE*8006244758~AMT*AU*120~AMT*T2*70~SVC*HC:90806*125*35**1~DTM*472*20120720~CAS*PR*3*25~CAS*CO*45*65~REF*6R*236HSE3HZN634446~REF*HPI*1902991391~AMT*B6*60~SVC*HC:90806*125*35**1~DTM*472*20120726~CAS*PR*3*25~CAS*CO*45*65~REF*6R*237HSE3HZN634446~REF*HPI*1902991391~AMT*B6*60~CLP*3HZN74465430*1*125*59*10*12*780261231253868   00**1~NM1*QC*1*DOHERTY*MARCELLE*N***MI*YHB3HZN74465430~NM1*IL*1*DOHERTY*DANIEL****MI*3HZN744654300~NM1*74*1*DOHERTY*DANIEL*J***C*3HZN744654300~NM1*82*2*M M WIESE WAIBEL LCSW*****XX*1902991391~DTM*050*20121107~DTM*232*20121018~DTM*233*20121018~PER*CX*NATIONAL ACCOUNTS SERVICED IN MT.LAUREL*TE*8006244758~AMT*AU*69~AMT*T2*59~SVC*HC:90806*125*59**1~DTM*472*20121018~CAS*PR*3*10~CAS*CO*45*56~REF*6R*7493HZN74465430~REF*HPI*1902991391~AMT*B6*69~CLP*3HZN56316950*1*125*54*15*12*780261231253789   00**1~NM1*QC*1*DUFFY*JULIE****MI*3HZN563169500~NM1*74*1*DUFFY*JULIE*A***C*YHB3HZN56316950~NM1*82*2*M M WIESE WAIBEL LCSW*****XX*1902991391~DTM*050*20121107~DTM*232*20121019~DTM*233*20121019~PER*CX*NATIONAL ACCOUNTS SERVICED IN MT.LAUREL*TE*8006244758~AMT*AU*69~AMT*T2*54~SVC*HC:90806*125*54**1~DTM*472*20121019~CAS*PR*3*15~CAS*CO*45*56~REF*6R*7503HZN56316950~REF*HPI*1902991391~AMT*B6*69~CLP*3HZN14345840*1*125*54*15*12*780261231245188   00**1~NM1*QC*1*GREFFER*CHANTAL****MI*3HZN143458400~NM1*74*1*GREFFER*CHANTAL*M***C*YHB3HZN14345840~NM1*82*2*M M WIESE WAIBEL LCSW*****XX*1902991391~DTM*050*20121107~DTM*232*20121022~DTM*233*20121022~PER*CX*NATIONAL ACCOUNTS SERVICED IN MT.LAUREL*TE*8006244758~AMT*AU*69~AMT*T2*54~SVC*HC:90806*125*54**1~DTM*472*20121022~CAS*PR*3*15~CAS*CO*45*56~REF*6R*7933HZN14345840~REF*HPI*1902991391~AMT*B6*69~SE*93*0001~GE*1*121709670~IEA*1*121709670~
