ISA*00*          *00*          *ZZ*330897513      *ZZ*ASSOCIATEDBC   *121112*1349*U*00401*121831781*0*P*:~GS*HP*330897513*ASSOCIATEDBC*20121112*1349*121831781*X*004010X091A1~ST*835*0001~BPR*I*588*C*ACH*CCP*01*031100225*DA*2079950064280/*1220999690**01*231372691*DA*0181143836*20121109~TRN*1*0002647761*1220999690*8352012111000410602~REF*EV*1902991391~DTM*405*20121109~N1*PR*HORIZON BCBSNJ~N3*PAYOR ADDRESS 1~N4*NEWARK*NJ*071010420~REF*2U*22099~N1*PE*M M WIESE WAIBEL LCSW*XX*1902991391~N3*800 RARITAN RD~N4*CLARK*NJ*070661710~REF*PQ*2621359190~REF*TJ*262135919~LX*1~CLP*3HZN55672980*1*125*54*6*13*780261231245524   00**1~NM1*QC*1*BAKER DRUMMOND*ANASTACIA****MI*NJX3HZN55672980~NM1*IL*1*DRUMMOND*BERESFORD****MI*3HZN556729800~NM1*82*2*M M WIESE WAIBEL LCSW*****XX*1902991391~DTM*050*20121107~DTM*232*20121025~DTM*233*20121025~PER*CX*NJ DIRECT*TE*8006241110~AMT*AU*60~AMT*T2*54~SVC*HC:90806*125*54**1~DTM*472*20121025~CAS*PR*2*6~CAS*CO*45*65~REF*6R*7123HZN55672980~REF*HPI*1902991391~AMT*B6*60~CLP*3HZN71563020*1*125*50*10*13*780261231244582   00**1~NM1*QC*1*BONILLA*NANCY****MI*NJX3HZN71563020~NM1*82*2*M M WIESE WAIBEL LCSW*****XX*1902991391~DTM*050*20121107~DTM*232*20121016~DTM*233*20121016~PER*CX*NJ DIRECT*TE*8006241110~AMT*AU*60~AMT*T2*50~SVC*HC:90806*125*50**1~DTM*472*20121016~CAS*PR*3*10~CAS*CO*45*65~REF*6R*7223HZN71563020~REF*HPI*1902991391~AMT*B6*60~CLP*3HZN77593920*1*250*100*20*13*780261231246338   00**1~NM1*QC*1*DANIELSON*CHRISTINE****MI*NJX3HZN77593920~NM1*IL*1*FAUGHNAN*RICHARD****MI*3HZN775939201~NM1*74*1*FAUGHNAN*RICHARD*F***C*3HZN775939201~NM1*82*2*M M WIESE WAIBEL LCSW*****XX*1902991391~DTM*050*20121107~DTM*232*20121017~DTM*233*20121024~PER*CX*NJ DIRECT*TE*8006241110~AMT*AU*120~AMT*T2*100~SVC*HC:90806*125*50**1~DTM*472*20121017~CAS*PR*3*10~CAS*CO*45*65~REF*6R*7363HZN77593920~REF*HPI*1902991391~AMT*B6*60~SVC*HC:90806*125*50**1~DTM*472*20121024~CAS*PR*3*10~CAS*CO*45*65~REF*6R*7373HZN77593920~REF*HPI*1902991391~AMT*B6*60~CLP*3HZN91896620*1*125*50*10*13*780261231253734   00**1~NM1*QC*1*GOLDATE*PATRICIA****MI*3HZN918966200~NM1*74*1*GOLDATE*PATRICIA*A***C*NJX3HZN91896620~NM1*82*2*M M WIESE WAIBEL LCSW*****XX*1902991391~DTM*050*20121107~DTM*232*20121018~DTM*233*20121018~PER*CX*NJ DIRECT*TE*8006241110~AMT*AU*60~AMT*T2*50~SVC*HC:90806*125*50**1~DTM*472*20121018~CAS*PR*3*10~CAS*CO*45*65~REF*6R*7873HZN91896620~REF*HPI*1902991391~AMT*B6*60~CLP*3HZN36191530*1*250*90*30*13*780261231252124   00**1~NM1*QC*1*LENAHAN*MEAGHAN****MI*3HZN361915300~NM1*74*1*LENAHAN*MEAGHAN*M***C*NJX3HZN36191530~NM1*82*2*M M WIESE WAIBEL LCSW*****XX*1902991391~DTM*050*20121107~DTM*232*20121018~DTM*233*20121025~PER*CX*NJ DIRECT*TE*8006241110~AMT*AU*120~AMT*T2*90~SVC*HC:90806*125*45**1~DTM*472*20121018~CAS*PR*3*15~CAS*CO*45*65~REF*6R*8303HZN36191530~REF*HPI*1902991391~AMT*B6*60~SVC*HC:90806*125*45**1~DTM*472*20121025~CAS*PR*3*15~CAS*CO*45*65~REF*6R*8313HZN36191530~REF*HPI*1902991391~AMT*B6*60~CLP*3HZN97201680*1*125*45*15*13*780261231245479   00**1~NM1*QC*1*MACGREGOR-KAPLAN*LISA****MI*3HZN972016800~NM1*74*1*MACGREGOR KAPLAN*LISA*A***C*NJX3HZN97201680~NM1*82*2*M M WIESE WAIBEL LCSW*****XX*1902991391~DTM*050*20121107~DTM*232*20121016~DTM*233*20121016~PER*CX*NJ DIRECT*TE*8006241110~AMT*AU*60~AMT*T2*45~SVC*HC:90806*125*45**1~DTM*472*20121016~CAS*PR*3*15~CAS*CO*45*65~REF*6R*8353HZN97201680~REF*HPI*1902991391~AMT*B6*60~CLP*3HZN15469020*1*125*45*15*13*780261231253760   00**1~NM1*QC*1*MONDI*NICHOL****MI*NJX3HZN15469020~NM1*IL*1*MONDI*FREDERICK****MI*3HZN154690200~NM1*74*1*MONDI*FREDERICK*B***C*3HZN154690200~NM1*82*2*M M WIESE WAIBEL LCSW*****XX*1902991391~DTM*050*20121107~DTM*232*20121022~DTM*233*20121022~PER*CX*NJ DIRECT*TE*8006241110~AMT*AU*60~AMT*T2*45~SVC*HC:90806*125*45**1~DTM*472*20121022~CAS*PR*3*15~CAS*CO*45*65~REF*6R*8543HZN15469020~REF*HPI*1902991391~AMT*B6*60~CLP*3HZN35374750*1*125*50*10*13*780261231246325   00**1~NM1*QC*1*PIZZELLI*MARIA****MI*NJX3HZN35374750~NM1*82*2*M M WIESE WAIBEL LCSW*****XX*1902991391~DTM*050*20121107~DTM*232*20121025~DTM*233*20121025~PER*CX*NJ DIRECT*TE*8006241110~AMT*AU*60~AMT*T2*50~SVC*HC:90806*125*50**1~DTM*472*20121025~CAS*PR*3*10~CAS*CO*45*65~REF*6R*8703HZN35374750~REF*HPI*1902991391~AMT*B6*60~CLP*3HZN22531530*1*125*54*6*13*780261231245386   00**1~NM1*QC*1*WRIGHT*MICHAEL****MI*3HZN225315300~NM1*74*1*WRIGHT*MICHAEL*K***C*NJX3HZN22531530~NM1*82*2*M M WIESE WAIBEL LCSW*****XX*1902991391~DTM*050*20121107~DTM*232*20121016~DTM*233*20121016~PER*CX*NJ DIRECT*TE*8006241110~AMT*AU*60~AMT*T2*54~SVC*HC:90806*125*54**1~DTM*472*20121016~CAS*PR*2*6~CAS*CO*45*65~REF*6R*9333HZN22531530~REF*HPI*1902991391~AMT*B6*60~CLP*3HZN01455580*1*125*20*40*13*780261231253757   00**1~NM1*QC*1*DIBIAGIO*CAROLINE*R***MI*YHQ3HZN01455580~NM1*IL*1*DIBIAGIO*MICHAEL****MI*3HZN014555800~NM1*74*1*DIBIAGIO*MICHAEL*L***C*3HZN014555800~NM1*82*2*M M WIESE WAIBEL LCSW*****XX*1902991391~DTM*050*20121107~DTM*232*20121017~DTM*233*20121017~AMT*AU*60~AMT*T2*20~SVC*HC:90806*125*20**1~DTM*472*20121017~CAS*PR*3*40~CAS*CO*45*65~REF*6R*7413HZN01455580~REF*HPI*1902991391~AMT*B6*60~CLP*3HZN55591900*1*125*30*30*13*780261231252622   00**1~NM1*QC*1*TORRE*JOSEPH****MI*YHQ3HZN55591900~NM1*82*2*M M WIESE WAIBEL LCSW*****XX*1902991391~DTM*050*20121107~DTM*232*20121025~DTM*233*20121025~PER*CX*HORIZON BLUE CROSS BLUE SHIELD OF NEW JERSEY DIRECT ACCESS*TE*8006241110~AMT*AU*60~AMT*T2*30~SVC*HC:90806*125*30**1~DTM*472*20121025~CAS*PR*3*30~CAS*CO*45*65~REF*6R*9303HZN55591900~REF*HPI*1902991391~AMT*B6*60~SE*216*0001~ST*835*0002~BPR*I*98*C*CHK************20121109~TRN*1*150063056*1220999690*22099~DTM*405*20121109~N1*PR*HORIZON BCBSNJ~N3*3 PENN PLAZA~N4*NEWARK*NJ*071010420~REF*2U*22099~PER*CX**TE*8883349242~N1*PE*M M WIESE WAIBEL LCSW*XX*1902991391~N3*800 RARITAN ROAD~N4*CLARK*NJ*070661710~REF*TJ*262135919~LX*1~CLP*R58551940*1*125*49*20*12*26123125208400780*11*1~NM1*QC*1*LIHOU*MARY****MI*R58551940~REF*G1*NOT REQUIRED~DTM*050*20121107~DTM*232*20121016~AMT*AU*69~SVC*HC:90806*125*49**1~DTM*472*20121016~CAS*PR*2*20~CAS*CO*45*56~REF*6R*832R58551940~AMT*B6*69~CLP*R58027107*1*125*49*20*12*26123125113000780*11*1~NM1*QC*1*MULLIGAN*CHERYL****MI*R58027107~NM1*IL*1*MULLIGAN*THOMAS****MI*R58027107~REF*G1*NOT REQUIRED~DTM*050*20121107~DTM*232*20121017~AMT*AU*69~SVC*HC:90806*125*49**1~DTM*472*20121017~CAS*PR*2*20~CAS*CO*45*56~REF*6R*861R58027107~AMT*B6*69~SE*40*0002~ST*835*0003~BPR*I*232*C*ACH*CCP*01*031100225*DA*2079950064280/*1220999690**01*231372691*DA*0181143836*20121110~TRN*1*0002653690*1220999690*8352012111112570601~REF*EV*1902991391~DTM*405*20121110~N1*PR*HORIZON BCBSNJ~N3*PAYOR ADDRESS 1~N4*NEWARK*NJ*071010420~REF*2U*22099~N1*PE*M M WIESE WAIBEL LCSW*XX*1902991391~N3*800 RARITAN RD~N4*CLARK*NJ*070661710~REF*PQ*2621359190~REF*TJ*262135919~LX*1~CLP*MKGAN3670307*1*125*44*25*12*780261231253761   00**1~NM1*QC*1*FRANCIS*TIFFANY****MI*MKGAN3670307~NM1*82*2*M M WIESE WAIBEL LCSW*****XX*1902991391~DTM*050*20121107~DTM*232*20121018~DTM*233*20121018~AMT*AU*69~AMT*T2*44~SVC*HC:90806*125*44**1~DTM*472*20121018~CAS*PR*3*25~CAS*CO*45*56~REF*6R*781MKGAN3670307~REF*HPI*1902991391~AMT*B6*69~CLP*ROQ5052733500*1*125*44*25*12*780261231250479   00**1~NM1*QC*1*KOVATCH*LISA****MI*ROQ5052733500~NM1*82*2*M M WIESE WAIBEL LCSW*****XX*1902991391~DTM*050*20121107~DTM*232*20121024~DTM*233*20121024~AMT*AU*69~AMT*T2*44~SVC*HC:90806*125*44**1~DTM*472*20121024~CAS*PR*3*25~CAS*CO*45*56~REF*6R*824ROQ5052733500~REF*HPI*1902991391~AMT*B6*69~CLP*BLM88988917*1*125*44*25*12*780261231252820   00**1~NM1*QC*1*STRYKER*MELISSA****MI*BLM88988917~NM1*IL*1*MARTA*THOMAS*J***MI*BLM88988917~NM1*82*2*M M WIESE WAIBEL LCSW*****XX*1902991391~DTM*050*20121107~DTM*232*20121022~DTM*233*20121022~AMT*AU*69~AMT*T2*44~SVC*HC:90806*125*44**1~DTM*472*20121022~CAS*PR*3*25~CAS*CO*45*56~REF*6R*921BLM88988917~REF*HPI*1902991391~AMT*B6*69~CLP*3HZN03939260*1*125*45*15*13*780261231245185   00**1~NM1*QC*1*SOMERS*ELAINE****MI*YHQ3HZN03939260~NM1*IL*1*SOMERS*ROBERT****MI*3HZN039392600~NM1*82*2*M M WIESE WAIBEL LCSW*****XX*1902991391~DTM*050*20121107~DTM*232*20121019~DTM*233*20121019~PER*CX*HORIZON BLUE CROSS BLUE SHIELD OF NEW JERSEY DIRECT ACCESS*TE*8006241110~AMT*AU*60~AMT*T2*45~SVC*HC:90806*125*45**1~DTM*472*20121019~CAS*PR*3*15~CAS*CO*45*65~REF*6R*9173HZN03939260~REF*HPI*1902991391~AMT*B6*60~CLP*3HZN69937170*1*125*35*25*13*780261231245924   00**1~NM1*QC*1*ORSINI*SUSAN*J***MI*HEF3HZN69937170~NM1*IL*1*ORSINI*NICHOLAS****MI*3HZN699371700~NM1*74*1*ORSINI*NICHOLAS*R***C*3HZN699371700~NM1*82*2*M M WIESE WAIBEL LCSW*****XX*1902991391~DTM*050*20121107~DTM*232*20121024~DTM*233*20121024~PER*CX*NATIONAL ACCOUNTS POS*TE*8006244758~AMT*AU*60~AMT*T2*35~SVC*HC:90806*125*35**1~DTM*472*20121024~CAS*PR*3*25~CAS*CO*45*65~REF*6R*8673HZN69937170~REF*HPI*1902991391~AMT*B6*60~CLP*3HZN89299890*1*125*20*40*13*780261231246142   00**1~NM1*QC*1*SHAH*ROSEMARIE****MI*YHX3HZN89299890~NM1*IL*1*SHAH*HR****MI*3HZN892998900~NM1*74*1*SHAH*HASMUKH*R***C*3HZN892998900~NM1*82*2*M M WIESE WAIBEL LCSW*****XX*1902991391~DTM*050*20121107~DTM*232*20121024~DTM*233*20121024~PER*CX*NATIONAL ACCOUNTS POS*TE*8006244758~AMT*AU*60~AMT*T2*20~SVC*HC:90806*125*20**1~DTM*472*20121024~CAS*PR*3*40~CAS*CO*45*65~REF*6R*8793HZN89299890~REF*HPI*1902991391~AMT*B6*60~SE*115*0003~ST*835*0004~BPR*I*336.05*C*CHK******1043270923******20121112~TRN*1*001558215*1043270923~REF*EV*SL0002~REF*F2*3000-001~DTM*405*20121109~N1*PR*TUFTS BENEFIT ADMINISTRATORS INC.~N3*PO BOX 9185~N4*WATERTOWN*MA*024719185~REF*2U*04298~PER*CX*EDI OPERATIONS*TE*8888808699*EX*4042~N1*PE*GULLA JAMES P. LCMHC*XX*1922200658~LX*1~CLP*632307065*1*500*336.05*84*12*2312BJIX~NM1*QC*1*WYMAN*ARTHUR****MI*776987405   02~SVC*HC:90806*100*67.21**1~DTM*472*20120926~CAS*PI*45*15.99~CAS*PR*2*16.8~REF*6R*323632307065~AMT*B6*84.01~SVC*HC:90806*100*67.21**1~DTM*472*20121003~CAS*PI*45*15.99~CAS*PR*2*16.8~REF*6R*324632307065~AMT*B6*84.01~SVC*HC:90806*100*67.21**1~DTM*472*20121010~CAS*PI*45*15.99~CAS*PR*2*16.8~REF*6R*325632307065~AMT*B6*84.01~SVC*HC:90806*100*67.21**1~DTM*472*20121017~CAS*PI*45*15.99~CAS*PR*2*16.8~REF*6R*326632307065~AMT*B6*84.01~SVC*HC:90806*100*67.21**1~DTM*472*20121024~CAS*PI*45*15.99~CAS*PR*2*16.8~REF*6R*327632307065~AMT*B6*84.01~SE*46*0004~GE*4*121831781~IEA*1*121831781~
