ISA*00*          *00*          *ZZ*330897513      *ZZ*ASSOCIATEDBC   *121114*1255*U*00401*122084784*0*P*:~GS*HP*330897513*ASSOCIATEDBC*20121114*1255*122084784*X*004010X091A1~ST*835*0001~BPR*H*0*C*NON************20121114~TRN*1*012238982*1216000928~REF*EV*9904204~DTM*405*20121109~N1*PR*NEW JERSEY MEDICAID~N3*3705 QUAKERBRIDGE ROAD, SUITE 101~N4*TRENTON*NJ*086191288~PER*CX*NEW JERSEY MEDICAID PROVIDER SERVICES*TE*8007766334~N1*PE*WAY          KAREN      GPHD*XX*1477603942~REF*PQ*0225177~REF*TJ*008388097~LX*1~CLP*123035462701*4*130*0**MC*201231153822801-0762*11*1~NM1*QC*1*DIX-MOON*KIMBERLI****MR*123035462701~DTM*232*20121016~DTM*233*20121016~SVC*HC:90806*130*0~DTM*472*20121016~CAS*OA*16*130~REF*6R*809123035462701~AMT*B6*26~LQ*HE*N14~CLP*243065069821*4*130*0**MC*201231153822701-12580762*11*1~NM1*QC*1*DIEFENBACKER*NICOLE****MR*243065069821~DTM*232*20121016~DTM*233*20121016~SVC*HC:90806*130*0~DTM*472*20121016~CAS*OA*16*130~REF*6R*807243065069821~AMT*B6*71.18~LQ*HE*N45~LQ*HE*N14~CLP*123035462701*4*130*0**MC*201231153822802-0762*11*1~NM1*QC*1*DIX-MOON*KIMBERLI****MR*123035462701~DTM*232*20121019~DTM*233*20121019~SVC*HC:90806*130*0~DTM*472*20121019~CAS*OA*16*130~REF*6R*810123035462701~AMT*B6*26~LQ*HE*N14~CLP*123035462701*4*130*0**MC*201231153822803-0762*11*1~NM1*QC*1*DIX-MOON*KIMBERLI****MR*123035462701~DTM*232*20121023~DTM*233*20121023~SVC*HC:90806*130*0~DTM*472*20121023~CAS*OA*16*130~REF*6R*811123035462701~AMT*B6*26~LQ*HE*N14~CLP*243065069821*4*130*0**MC*201231153822702-12580762*11*1~NM1*QC*1*DIEFENBACKER*NICOLE****MR*243065069821~DTM*232*20121023~DTM*233*20121023~SVC*HC:90806*130*0~DTM*472*20121023~CAS*OA*16*130~REF*6R*808243065069821~AMT*B6*71.18~LQ*HE*N45~LQ*HE*N14~CLP*096075677920*4*130*0**MC*201231153822901-12580762*11*1~NM1*QC*1*OLIVER*RAYON****MR*096075677920~DTM*232*20121024~DTM*233*20121024~SVC*HC:90806*130*0~DTM*472*20121024~CAS*OA*16*130~REF*6R*843096075677920~AMT*B6*71.18~LQ*HE*N45~LQ*HE*N14~SE*77*0001~GE*1*122084784~IEA*1*122084784~
