ISA*00*          *00*          *ZZ*330897513      *ZZ*ASSOCIATEDBC   *121115*2254*U*00401*122272629*0*P*:~GS*HP*330897513*ASSOCIATEDBC*20121115*2254*122272629*X*004010X091A1~ST*835*0001~BPR*I*100*C*ACH*CCP*01*031100225*DA*2079950064280/*1220999690**01*231372691*DA*0181143836*20121113~TRN*1*0002661167*1220999690*8352012111401020771~REF*EV*1902991391~DTM*405*20121113~N1*PR*HORIZON BCBSNJ~N3*PAYOR ADDRESS 1~N4*NEWARK*NJ*071010420~REF*2U*22099~N1*PE*M M WIESE WAIBEL LCSW*XX*1902991391~N3*800 RARITAN RD~N4*CLARK*NJ*070661710~REF*PQ*2621359190~REF*TJ*262135919~LX*1~CLP*3HZN27215180*1*250*90*30*13*780261231251926   00**1~NM1*QC*1*KELLETT KESSELMAN*MELISSA*J***MI*NJX3HZN27215180~NM1*IL*1*KESSELMAN*KEVIN****MI*3HZN272151800~NM1*74*1*KESSELMAN*KEVIN*A***C*3HZN272151800~NM1*82*2*M M WIESE WAIBEL LCSW*****XX*1902991391~DTM*050*20121107~DTM*232*20121016~DTM*233*20121023~PER*CX*NJ DIRECT*TE*8006241110~AMT*AU*120~AMT*T2*90~SVC*HC:90806*125*45**1~DTM*472*20121016~CAS*PR*3*15~CAS*CO*45*65~REF*6R*8223HZN27215180~REF*HPI*1902991391~AMT*B6*60~SVC*HC:90806*125*45**1~DTM*472*20121023~CAS*PR*3*15~CAS*CO*45*65~REF*6R*8233HZN27215180~REF*HPI*1902991391~AMT*B6*60~CLP*3HZN04606950*1*125*10*50*HM*12313E0020135     00*11~NM1*QC*1*GEARDINO*CATHLIN*V***MI*136604155~NM1*IL*1*GEARDINO*THEODORE****MI*3HZN04606950~NM1*82*2*MAUREEN M WIESE WAIBEL LCSW*****XX*1902991391~DTM*050*20121107~DTM*232*20121018~DTM*233*20121018~PER*CX*HORIZON BLUE CROSS BLUE SHIELD OF NEW JERSEY HMO*TE*8006241110~AMT*AU*60~AMT*T2*10~SVC*HC:90806*125*10**1~DTM*472*20121018~CAS*CO*45*65~CAS*PR*3*50~REF*6R*7863HZN04606950~REF*HPI*1902991391~AMT*B6*60~SE*58*0001~GE*1*122272629~IEA*1*122272629~
