ISA*00*          *00*          *ZZ*330897513      *ZZ*ASSOCIATEDBC   *121116*1513*U*00401*122370407*0*P*:~GS*HP*330897513*ASSOCIATEDBC*20121116*1513*122370407*X*004010X091A1~ST*835*0001~BPR*I*35*C*ACH*CCP*01*031100225*DA*2079950064280/*1220999690**01*231372691*DA*0181143836*20121115~TRN*1*0002676259*1220999690*8352012111600090728~REF*EV*1902991391~DTM*405*20121115~N1*PR*HORIZON BCBSNJ~N3*PAYOR ADDRESS 1~N4*NEWARK*NJ*071010420~REF*2U*22099~N1*PE*M M WIESE WAIBEL LCSW*XX*1902991391~N3*800 RARITAN RD~N4*CLARK*NJ*070661710~REF*PQ*2621359190~REF*TJ*262135919~LX*1~CLP*HSE3HZN634446*1*125*35*25*13*780261229371639   00**1~NM1*QC*1*GRANT*MACY****MI*HSE3HZN36444600~NM1*IL*1*MOUNT*TIMOTHY****MI*3HZN634446000~NM1*74*1*MOUNT*TIMOTHY*S***C*3HZN634446000~NM1*82*2*M M WIESE WAIBEL LCSW*****XX*1902991391~DTM*050*20121019~DTM*232*20121004~DTM*233*20121004~PER*CX*NATIONAL ACCOUNTS POS*TE*8006244758~AMT*AU*60~AMT*T2*35~SVC*HC:90806*125*35**1~DTM*472*20121004~CAS*PR*3*25~CAS*CO*45*65~REF*6R*656HSE3HZN634446~REF*HPI*1902991391~AMT*B6*60~SE*34*0001~GE*1*122370407~IEA*1*122370407~
