ISA*00*          *00*          *ZZ*330897513      *ZZ*ASSOCIATEDBC   *121121*1652*U*00401*122830730*0*P*:~GS*HP*330897513*ASSOCIATEDBC*20121121*1652*122830730*X*004010X091A1~ST*835*0001~BPR*I*137.39*C*ACH*CCP*01*031100225*DA*2079950064280/*1220999690**01*231372691*DA*0181143836*20121116~TRN*1*0002683628*1220999690*8352012112012030722~REF*EV*1902991391~DTM*405*20121116~N1*PR*HORIZON BCBSNJ~N3*PAYOR ADDRESS 1~N4*NEWARK*NJ*071010420~REF*2U*22099~N1*PE*M M WIESE WAIBEL LCSW*XX*1902991391~N3*800 RARITAN RD~N4*CLARK*NJ*070661710~REF*PQ*2621359190~REF*TJ*262135919~LX*1~CLP*3HZN27538760*1*250*57*15*13*780261231934107   00**1~NM1*QC*1*RIVERA*CARMEN*R***MI*3HZN27538760~NM1*IL*1*RIVERA*JOSE****MI*3HZN275387600~NM1*82*2*M M WIESE WAIBEL LCSW*****XX*1902991391~DTM*050*20121113~DTM*232*20121023~DTM*233*20121023~PER*CX*NJ DIRECT*TE*8006241110~AMT*AU*72~AMT*T2*57~SVC*HC:90801*250*57**1~DTM*472*20121023~CAS*PR*3*15~CAS*CO*45*178~REF*6R*000001~REF*HPI*1902991391~AMT*B6*72~CLP*156221503A*1*125*26.39**15*780271232075050   00**1~NM1*QC*1*KISSACK*JEAN*E***MI*3HZN65520960~NM1*82*2*M M WIESE WAIBEL LCSW*****XX*1902991391~DTM*050*20121115~DTM*232*20120918~DTM*233*20120918~PER*CX*MEDIGAP PLAN C 933*TE*8006241110~AMT*AU*65.97~AMT*T2*26.39~SVC*HC:90806*125*26.39**1~DTM*472*20120918~CAS*OA*23*98.61~REF*6R*LX01~REF*HPI*1902991391~AMT*B6*65.97~CLP*3HZN56316950*1*125*54*15*12*780261232077027   00**1~NM1*QC*1*DUFFY*JULIE****MI*3HZN563169500~NM1*74*1*DUFFY*JULIE*A***C*YHB3HZN56316950~NM1*82*2*M M WIESE WAIBEL LCSW*****XX*1902991391~DTM*050*20121115~DTM*232*20121026~DTM*233*20121026~PER*CX*NATIONAL ACCOUNTS SERVICED IN MT.LAUREL*TE*8006244758~AMT*AU*69~AMT*T2*54~SVC*HC:90806*125*54**1~DTM*472*20121026~CAS*PR*3*15~CAS*CO*45*56~REF*6R*0943HZN56316950~REF*HPI*1902991391~AMT*B6*69~SE*65*0001~GE*1*122830730~IEA*1*122830730~
