ISA*00*          *00*          *ZZ*330897513      *ZZ*ASSOCIATEDBC   *121123*2305*U*00401*122951687*0*P*:~GS*HP*330897513*ASSOCIATEDBC*20121123*2305*122951687*X*004010X091A1~ST*835*0001~BPR*I*226*C*ACH*CCP*01*031100225*DA*2079950064280/*1220999690**01*231372691*DA*0181143836*20121122~TRN*1*0002712776*1220999690*8352012112300230695~REF*EV*1902991391~DTM*405*20121122~N1*PR*HORIZON BCBSNJ~N3*PAYOR ADDRESS 1~N4*NEWARK*NJ*071010420~REF*2U*22099~N1*PE*M M WIESE WAIBEL LCSW*XX*1902991391~N3*800 RARITAN RD~N4*CLARK*NJ*070661710~REF*PQ*2621359190~REF*TJ*262135919~LX*1~CLP*3HZN74465430*1*250*118*20*12*780271232545971   00**1~NM1*QC*1*DOHERTY*MARCELLE*N***MI*YHB3HZN74465430~NM1*IL*1*DOHERTY*DANIEL****MI*3HZN744654300~NM1*74*1*DOHERTY*DANIEL*J***C*3HZN744654300~NM1*82*2*M M WIESE WAIBEL LCSW*****XX*1902991391~DTM*050*20121120~DTM*232*20121101~DTM*233*20121115~PER*CX*NATIONAL ACCOUNTS SERVICED IN MT.LAUREL*TE*8006244758~AMT*AU*138~AMT*T2*118~SVC*HC:90806*125*59**1~DTM*472*20121101~CAS*PR*3*10~CAS*CO*45*56~REF*6R*8923HZN74465430~REF*HPI*1902991391~AMT*B6*69~SVC*HC:90806*125*59**1~DTM*472*20121115~CAS*PR*3*10~CAS*CO*45*56~REF*6R*8933HZN74465430~REF*HPI*1902991391~AMT*B6*69~CLP*3HZN56316950*1*125*54*15*12*780271232538291   00**1~NM1*QC*1*DUFFY*JULIE****MI*3HZN563169500~NM1*74*1*DUFFY*JULIE*A***C*YHB3HZN56316950~NM1*82*2*M M WIESE WAIBEL LCSW*****XX*1902991391~DTM*050*20121120~DTM*232*20121109~DTM*233*20121109~PER*CX*NATIONAL ACCOUNTS SERVICED IN MT.LAUREL*TE*8006244758~AMT*AU*69~AMT*T2*54~SVC*HC:90806*125*54**1~DTM*472*20121109~CAS*PR*3*15~CAS*CO*45*56~REF*6R*8943HZN56316950~REF*HPI*1902991391~AMT*B6*69~CLP*3HZN14345840*1*125*54*15*12*780271232543684   00**1~NM1*QC*1*GREFFER*CHANTAL****MI*3HZN143458400~NM1*74*1*GREFFER*CHANTAL*M***C*YHB3HZN14345840~NM1*82*2*M M WIESE WAIBEL LCSW*****XX*1902991391~DTM*050*20121120~DTM*232*20121112~DTM*233*20121112~PER*CX*NATIONAL ACCOUNTS SERVICED IN MT.LAUREL*TE*8006244758~AMT*AU*69~AMT*T2*54~SVC*HC:90806*125*54**1~DTM*472*20121112~CAS*PR*3*15~CAS*CO*45*56~REF*6R*9053HZN14345840~REF*HPI*1902991391~AMT*B6*69~SE*75*0001~GE*1*122951687~IEA*1*122951687~
