ISA*00*          *00*          *ZZ*330897513      *ZZ*ASSOCIATEDBC   *121122*2120*U*00401*122902037*0*P*:~GS*HP*330897513*ASSOCIATEDBC*20121122*2120*122902037*X*004010X091A1~ST*835*0001~BPR*I*45*C*ACH*CCP*01*031100225*DA*2079950064280/*1220999690**01*231372691*DA*0181143836*20121120~TRN*1*0002698511*1220999690*8352012112101280760~REF*EV*1902991391~DTM*405*20121120~N1*PR*HORIZON BCBSNJ~N3*PAYOR ADDRESS 1~N4*NEWARK*NJ*071010420~REF*2U*22099~N1*PE*M M WIESE WAIBEL LCSW*XX*1902991391~N3*800 RARITAN RD~N4*CLARK*NJ*070661710~REF*PQ*2621359190~REF*TJ*262135919~LX*1~CLP*3HZN03939260*1*125*45*15*13*780261232077937   00**1~NM1*QC*1*SOMERS*ELAINE****MI*YHQ3HZN03939260~NM1*IL*1*SOMERS*ROBERT****MI*3HZN039392600~NM1*82*2*M M WIESE WAIBEL LCSW*****XX*1902991391~DTM*050*20121115~DTM*232*20121026~DTM*233*20121026~PER*CX*HORIZON BLUE CROSS BLUE SHIELD OF NEW JERSEY DIRECT ACCESS*TE*8006241110~AMT*AU*60~AMT*T2*45~SVC*HC:90806*125*45**1~DTM*472*20121026~CAS*PR*3*15~CAS*CO*45*65~REF*6R*1033HZN03939260~REF*HPI*1902991391~AMT*B6*60~SE*33*0001~ST*835*0002~BPR*I*45*C*ACH*CCP*01*031100225*DA*2079950064280/*1220999690**01*231372691*DA*0181143836*20121121~TRN*1*0002705681*1220999690*8352012112200590681~REF*EV*1902991391~DTM*405*20121121~N1*PR*HORIZON BCBSNJ~N3*PAYOR ADDRESS 1~N4*NEWARK*NJ*071010420~REF*2U*22099~N1*PE*M M WIESE WAIBEL LCSW*XX*1902991391~N3*800 RARITAN RD~N4*CLARK*NJ*070661710~REF*PQ*2621359190~REF*TJ*262135919~LX*1~CLP*3HZN27215180*1*125*45*15*13*780261232084366   00**1~NM1*QC*1*KELLETT KESSELMAN*MELISSA*J***MI*NJX3HZN27215180~NM1*IL*1*KESSELMAN*KEVIN****MI*3HZN272151800~NM1*74*1*KESSELMAN*KEVIN*A***C*3HZN272151800~NM1*82*2*M M WIESE WAIBEL LCSW*****XX*1902991391~DTM*050*20121115~DTM*232*20121031~DTM*233*20121031~PER*CX*NJ DIRECT*TE*8006241110~AMT*AU*60~AMT*T2*45~SVC*HC:90806*125*45**1~DTM*472*20121031~CAS*PR*3*15~CAS*CO*45*65~REF*6R*0993HZN27215180~REF*HPI*1902991391~AMT*B6*60~SE*34*0002~GE*2*122902037~IEA*1*122902037~
