ISA*00*          *00*          *ZZ*330897513      *ZZ*ASSOCIATEDBC   *121126*1129*U*00401*123025807*0*P*:~GS*HP*330897513*ASSOCIATEDBC*20121126*1129*123025807*X*004010X091A1~ST*835*0001~BPR*I*62.78*C*ACH*CCP*01*031100225*DA*2079950064280/*1220999690**01*231372691*DA*0181143836*20121123~TRN*1*0002719878*1220999690*8352012112401370705~REF*EV*1902991391~DTM*405*20121123~N1*PR*HORIZON BCBSNJ~N3*PAYOR ADDRESS 1~N4*NEWARK*NJ*071010420~REF*2U*22099~N1*PE*M M WIESE WAIBEL LCSW*XX*1902991391~N3*800 RARITAN RD~N4*CLARK*NJ*070661710~REF*PQ*2621359190~REF*TJ*262135919~LX*1~CLP*143342949A*2*125*16.39*10*13*780291232724739   00**1~NM1*QC*1*COSQUER*DOLORES****MI*3HZN22671350~NM1*82*2*M M WIESE WAIBEL LCSW*****XX*1902991391~DTM*050*20121122~DTM*232*20121003~DTM*233*20121003~PER*CX*NJ DIRECT*TE*8006241110~AMT*AU*65.97~AMT*T2*16.39~SVC*HC:90806*125*16.39**1~DTM*472*20121003~CAS*PR*3*10~CAS*OA*23*98.61~REF*6R*LX01~REF*HPI*1902991391~AMT*B6*65.97~CLP*156221503A*1*125*26.39**15*780281232750021   00**1~NM1*QC*1*KISSACK*JEAN*E***MI*3HZN65520960~NM1*82*2*M M WIESE WAIBEL LCSW*****XX*1902991391~DTM*050*20121122~DTM*232*20121012~DTM*233*20121012~PER*CX*MEDIGAP PLAN C 933*TE*8006241110~AMT*AU*65.97~AMT*T2*26.39~SVC*HC:90806*125*26.39**1~DTM*472*20121012~CAS*OA*23*98.61~REF*6R*LX01~REF*HPI*1902991391~AMT*B6*65.97~CLP*151662088A*2*125*20*6.39*13*780291232720929   00**1~NM1*QC*1*CICALESE*KRISTA*A***MI*3HZN98001790~NM1*82*2*M M WIESE WAIBEL LCSW*****XX*1902991391~DTM*050*20121122~DTM*232*20121002~DTM*233*20121002~PER*CX*NATIONAL ACCOUNTS POS*TE*8006244758~AMT*AU*60~AMT*T2*20~SVC*HC:90806*125*20**1~DTM*472*20121002~CAS*PR*3*40**204*-33.61~CAS*OA*23*98.61~REF*6R*LX01~REF*HPI*1902991391~AMT*B6*60~SE*63*0001~ST*835*0002~BPR*I*98*C*CHK************20121123~TRN*1*150313091*1220999690*22099~DTM*405*20121123~N1*PR*HORIZON BCBSNJ~N3*3 PENN PLAZA~N4*NEWARK*NJ*071010420~REF*2U*22099~PER*CX**TE*8883349242~N1*PE*M M WIESE WAIBEL LCSW*XX*1902991391~N3*800 RARITAN ROAD~N4*CLARK*NJ*070661710~REF*TJ*262135919~LX*1~CLP*R58027107*1*125*49*20*12*26123208496900780*11*1~NM1*QC*1*MULLIGAN*CHERYL****MI*R58027107~NM1*IL*1*MULLIGAN*THOMAS****MI*R58027107~REF*G1*NOT REQUIRED~DTM*050*20121115~DTM*232*20121031~AMT*AU*69~SVC*HC:90806*125*49**1~DTM*472*20121031~CAS*PR*2*20~CAS*CO*45*56~REF*6R*101R58027107~AMT*B6*69~CLP*R58027107*1*125*49*20*12*27123252994200780*11*1~NM1*QC*1*MULLIGAN*CHERYL****MI*R58027107~NM1*IL*1*MULLIGAN*THOMAS****MI*R58027107~REF*G1*NOT REQUIRED~DTM*050*20121120~DTM*232*20121114~AMT*AU*69~SVC*HC:90806*125*49**1~DTM*472*20121114~CAS*PR*2*20~CAS*CO*45*56~REF*6R*926R58027107~AMT*B6*69~SE*41*0002~ST*835*0003~BPR*I*572*C*ACH*CCP*01*031100225*DA*2079950064280/*1220999690**01*231372691*DA*0181143836*20121124~TRN*1*0002724918*1220999690*8352012112422210493~REF*EV*1902991391~DTM*405*20121124~N1*PR*HORIZON BCBSNJ~N3*PAYOR ADDRESS 1~N4*NEWARK*NJ*071010420~REF*2U*22099~N1*PE*M M WIESE WAIBEL LCSW*XX*1902991391~N3*800 RARITAN RD~N4*CLARK*NJ*070661710~REF*PQ*2621359190~REF*TJ*262135919~LX*1~CLP*MKGAN3670307*1*125*44*25*12*780271232541075   00**1~NM1*QC*1*FRANCIS*TIFFANY****MI*MKGAN3670307~NM1*82*2*M M WIESE WAIBEL LCSW*****XX*1902991391~DTM*050*20121120~DTM*232*20121114~DTM*233*20121114~AMT*AU*69~AMT*T2*44~SVC*HC:90806*125*44**1~DTM*472*20121114~CAS*PR*3*25~CAS*CO*45*56~REF*6R*898MKGAN3670307~REF*HPI*1902991391~AMT*B6*69~CLP*3HZN55672980*1*125*54*6*13*780271232530636   00**1~NM1*QC*1*BAKER DRUMMOND*ANASTACIA****MI*NJX3HZN55672980~NM1*IL*1*DRUMMOND*BERESFORD****MI*3HZN556729800~NM1*82*2*M M WIESE WAIBEL LCSW*****XX*1902991391~DTM*050*20121120~DTM*232*20121108~DTM*233*20121108~PER*CX*NJ DIRECT*TE*8006241110~AMT*AU*60~AMT*T2*54~SVC*HC:90806*125*54**1~DTM*472*20121108~CAS*PR*2*6~CAS*CO*45*65~REF*6R*8793HZN55672980~REF*HPI*1902991391~AMT*B6*60~CLP*3HZN77593920*1*250*100*20*13*780271232543879   00**1~NM1*QC*1*DANIELSON*CHRISTINE****MI*NJX3HZN77593920~NM1*IL*1*FAUGHNAN*RICHARD****MI*3HZN775939201~NM1*74*1*FAUGHNAN*RICHARD*F***C*3HZN775939201~NM1*82*2*M M WIESE WAIBEL LCSW*****XX*1902991391~DTM*050*20121120~DTM*232*20121107~DTM*233*20121114~PER*CX*NJ DIRECT*TE*8006241110~AMT*AU*120~AMT*T2*100~SVC*HC:90806*125*50**1~DTM*472*20121107~CAS*PR*3*10~CAS*CO*45*65~REF*6R*8893HZN77593920~REF*HPI*1902991391~AMT*B6*60~SVC*HC:90806*125*50**1~DTM*472*20121114~CAS*PR*3*10~CAS*CO*45*65~REF*6R*8903HZN77593920~REF*HPI*1902991391~AMT*B6*60~CLP*3HZN27215180*1*125*45*15*13*780271232545973   00**1~NM1*QC*1*KELLETT KESSELMAN*MELISSA*J***MI*NJX3HZN27215180~NM1*IL*1*KESSELMAN*KEVIN****MI*3HZN272151800~NM1*74*1*KESSELMAN*KEVIN*A***C*3HZN272151800~NM1*82*2*M M WIESE WAIBEL LCSW*****XX*1902991391~DTM*050*20121120~DTM*232*20121106~DTM*233*20121106~PER*CX*NJ DIRECT*TE*8006241110~AMT*AU*60~AMT*T2*45~SVC*HC:90806*125*45**1~DTM*472*20121106~CAS*PR*3*15~CAS*CO*45*65~REF*6R*9103HZN27215180~REF*HPI*1902991391~AMT*B6*60~CLP*3HZN36191530*1*250*90*30*13*780271232530044   00**1~NM1*QC*1*LENAHAN*MEAGHAN****MI*3HZN361915300~NM1*74*1*LENAHAN*MEAGHAN*M***C*NJX3HZN36191530~NM1*82*2*M M WIESE WAIBEL LCSW*****XX*1902991391~DTM*050*20121120~DTM*232*20121108~DTM*233*20121115~PER*CX*NJ DIRECT*TE*8006241110~AMT*AU*120~AMT*T2*90~SVC*HC:90806*125*45**1~DTM*472*20121108~CAS*PR*3*15~CAS*CO*45*65~REF*6R*9153HZN36191530~REF*HPI*1902991391~AMT*B6*60~SVC*HC:90806*125*45**1~DTM*472*20121115~CAS*PR*3*15~CAS*CO*45*65~REF*6R*9163HZN36191530~REF*HPI*1902991391~AMT*B6*60~CLP*3HZN97201680*1*125*45*15*13*780271232540588   00**1~NM1*QC*1*MACGREGOR-KAPLAN*LISA****MI*3HZN972016800~NM1*74*1*MACGREGOR KAPLAN*LISA*A***C*NJX3HZN97201680~NM1*82*2*M M WIESE WAIBEL LCSW*****XX*1902991391~DTM*050*20121120~DTM*232*20121102~DTM*233*20121102~PER*CX*NJ DIRECT*TE*8006241110~AMT*AU*60~AMT*T2*45~SVC*HC:90806*125*45**1~DTM*472*20121102~CAS*PR*3*15~CAS*CO*45*65~REF*6R*9203HZN97201680~REF*HPI*1902991391~AMT*B6*60~CLP*3HZN15469020*1*125*45*15*13*780271232540389   00**1~NM1*QC*1*MONDI*NICHOL****MI*NJX3HZN15469020~NM1*IL*1*MONDI*FREDERICK****MI*3HZN154690200~NM1*74*1*MONDI*FREDERICK*B***C*3HZN154690200~NM1*82*2*M M WIESE WAIBEL LCSW*****XX*1902991391~DTM*050*20121120~DTM*232*20121112~DTM*233*20121112~PER*CX*NJ DIRECT*TE*8006241110~AMT*AU*60~AMT*T2*45~SVC*HC:90806*125*45**1~DTM*472*20121112~CAS*PR*3*15~CAS*CO*45*65~REF*6R*9233HZN15469020~REF*HPI*1902991391~AMT*B6*60~CLP*3HZN35374750*1*125*50*10*13*780271232530922   00**1~NM1*QC*1*PIZZELLI*MARIA****MI*NJX3HZN35374750~NM1*82*2*M M WIESE WAIBEL LCSW*****XX*1902991391~DTM*050*20121120~DTM*232*20121108~DTM*233*20121108~PER*CX*NJ DIRECT*TE*8006241110~AMT*AU*60~AMT*T2*50~SVC*HC:90806*125*50**1~DTM*472*20121108~CAS*PR*3*10~CAS*CO*45*65~REF*6R*9383HZN35374750~REF*HPI*1902991391~AMT*B6*60~CLP*3HZN27538760*1*125*45*15*13*780271232542765   00**1~NM1*QC*1*RIVERA*CARMEN*R***MI*NJX3HZN27538760~NM1*IL*1*RIVERA*JOSE****MI*3HZN275387600~NM1*82*2*M M WIESE WAIBEL LCSW*****XX*1902991391~DTM*050*20121120~DTM*232*20121105~DTM*233*20121105~PER*CX*NJ DIRECT*TE*8006241110~AMT*AU*60~AMT*T2*45~SVC*HC:90806*125*45**1~DTM*472*20121105~CAS*PR*3*15~CAS*CO*45*65~REF*6R*9413HZN27538760~REF*HPI*1902991391~AMT*B6*60~CLP*3HZN22531530*1*125*54*6*13*780271232544564   00**1~NM1*QC*1*WRIGHT*MICHAEL****MI*3HZN225315300~NM1*74*1*WRIGHT*MICHAEL*K***C*NJX3HZN22531530~NM1*82*2*M M WIESE WAIBEL LCSW*****XX*1902991391~DTM*050*20121120~DTM*232*20121106~DTM*233*20121106~PER*CX*NJ DIRECT*TE*8006241110~AMT*AU*60~AMT*T2*54~SVC*HC:90806*125*54**1~DTM*472*20121106~CAS*PR*2*6~CAS*CO*45*65~REF*6R*9533HZN22531530~REF*HPI*1902991391~AMT*B6*60~SE*200*0003~GE*3*123025807~IEA*1*123025807~
