ISA*00*          *00*          *ZZ*330897513      *ZZ*ASSOCIATEDBC   *121127*1735*U*00401*123195266*0*P*:~GS*HP*330897513*ASSOCIATEDBC*20121127*1735*123195266*X*004010X091A1~ST*835*0001~BPR*H*0*C*NON************20121128~TRN*1*012259826*1216000928~REF*EV*9904204~DTM*405*20121123~N1*PR*NEW JERSEY MEDICAID~N3*3705 QUAKERBRIDGE ROAD, SUITE 101~N4*TRENTON*NJ*086191288~PER*CX*NEW JERSEY MEDICAID PROVIDER SERVICES*TE*8007766334~N1*PE*WAY          KAREN      GPHD*XX*1477603942~REF*PQ*0225177~REF*TJ*008388097~LX*1~CLP*135742336 A*2*130*0**MC*201232427719402-0670*11*1~NM1*QC*1*HAMMOND*NORMAN****MR*122081285101~REF*EA*0812285042130~DTM*232*20120918~DTM*233*20120918~SVC*HC:90806*130*0**1**0~DTM*472*20120918~CAS*CO*45*130~REF*6R*LX#01~LQ*HE*M86~CLP*135405190 A*2*130*0**MC*201232425071102-13320670*11*1~NM1*QC*1*ZABOROWSKI*RAYMOND*T***MR*122077125801~REF*EA*0812285042180~DTM*232*20120919~DTM*233*20120919~SVC*HC:90806*130*0**1**0~DTM*472*20120919~CAS*CO*45*130~REF*6R*LX#01~LQ*HE*M57~LQ*HE*M86~CLP*137640510A*2*130*0**MC*201232425071002-13320670*11*1~NM1*QC*1*SANCHEZ*ARAENA****MR*182000374401~REF*EA*0812285042190~DTM*232*20120920~DTM*233*20120920~SVC*HC:90806*130*0**1**0~DTM*472*20120920~CAS*CO*45*130~REF*6R*LX#01~LQ*HE*M57~LQ*HE*M86~CLP*026662235A*2*150*0**MC*201232425071201-13320670*11*1~NM1*QC*1*GRIMALDI*JENNIFER*J***MR*212080697401~REF*EA*0812285042140~DTM*232*20120924~DTM*233*20120924~SVC*HC:90806*150*0**1**0~DTM*472*20120924~CAS*CO*45*150~REF*6R*LX#01~LQ*HE*M57~LQ*HE*M86~CLP*135742336 A*2*130*0**MC*201232427719401-0670*11*1~NM1*QC*1*HAMMOND*NORMAN****MR*122081285101~REF*EA*0812285042130~DTM*232*20120925~DTM*233*20120925~SVC*HC:90806*130*0**1**0~DTM*472*20120925~CAS*CO*45*130~REF*6R*LX#02~LQ*HE*M86~CLP*135405190 A*2*130*0**MC*201232425071101-13320670*11*1~NM1*QC*1*ZABOROWSKI*RAYMOND*T***MR*122077125801~REF*EA*0812285042180~DTM*232*20120926~DTM*233*20120926~SVC*HC:90806*130*0**1**0~DTM*472*20120926~CAS*CO*45*130~REF*6R*LX#02~LQ*HE*M57~LQ*HE*M86~CLP*137640510A*2*130*0**MC*201232425071001-13320670*11*1~NM1*QC*1*SANCHEZ*ARAENA****MR*182000374401~REF*EA*0812285042190~DTM*232*20120927~DTM*233*20120927~SVC*HC:90806*130*0**1**0~DTM*472*20120927~CAS*CO*45*130~REF*6R*LX#02~LQ*HE*M57~LQ*HE*M86~CLP*123035462701*4*130*0**MC*201232555168101-0762*11*1~NM1*QC*1*DIX-MOON*KIMBERLI****MR*123035462701~DTM*232*20121102~DTM*233*20121102~SVC*HC:90806*130*0~DTM*472*20121102~CAS*OA*16*130~REF*6R*205123035462701~AMT*B6*26~LQ*HE*N14~CLP*123035462701*4*130*0**MC*201232555168102-0762*11*1~NM1*QC*1*DIX-MOON*KIMBERLI****MR*123035462701~DTM*232*20121106~DTM*233*20121106~SVC*HC:90806*130*0~DTM*472*20121106~CAS*OA*16*130~REF*6R*206123035462701~AMT*B6*26~LQ*HE*N14~CLP*123035462701*4*130*0**MC*201232555168103-0762*11*1~NM1*QC*1*DIX-MOON*KIMBERLI****MR*123035462701~DTM*232*20121108~DTM*233*20121108~SVC*HC:90806*130*0~DTM*472*20121108~CAS*OA*16*130~REF*6R*207123035462701~AMT*B6*26~LQ*HE*N14~CLP*123035462701*4*130*0**MC*201232555168104-0762*11*1~NM1*QC*1*DIX-MOON*KIMBERLI****MR*123035462701~DTM*232*20121113~DTM*233*20121113~SVC*HC:90806*130*0~DTM*472*20121113~CAS*OA*16*130~REF*6R*208123035462701~AMT*B6*26~LQ*HE*N14~CLP*243065069821*4*130*0**MC*201232555168001-12580762*11*1~NM1*QC*1*DIEFENBACKER*NICOLE****MR*243065069821~DTM*232*20121113~DTM*233*20121113~SVC*HC:90806*130*0~DTM*472*20121113~CAS*OA*16*130~REF*6R*203243065069821~AMT*B6*71.18~LQ*HE*N45~LQ*HE*N14~CLP*123035462701*4*130*0**MC*201232555168105-0762*11*1~NM1*QC*1*DIX-MOON*KIMBERLI****MR*123035462701~DTM*232*20121116~DTM*233*20121116~SVC*HC:90806*130*0~DTM*472*20121116~CAS*OA*16*130~REF*6R*209123035462701~AMT*B6*26~LQ*HE*N14~SE*150*0001~GE*1*123195266~IEA*1*123195266~
