ISA*00*          *00*          *ZZ*330897513      *ZZ*ASSOCIATEDBC   *121129*1727*U*00401*123472943*0*P*:~GS*HP*330897513*ASSOCIATEDBC*20121129*1727*123472943*X*004010X091A1~ST*835*0001~BPR*I*149*C*ACH*CCP*01*031100225*DA*2079950064280/*1220999690**01*231372691*DA*0181143836*20121127~TRN*1*0002731042*1220999690*8352012112800220662~REF*EV*1902991391~DTM*405*20121127~N1*PR*HORIZON BCBSNJ~N3*PAYOR ADDRESS 1~N4*NEWARK*NJ*071010420~REF*2U*22099~N1*PE*M M WIESE WAIBEL LCSW*XX*1902991391~N3*800 RARITAN RD~N4*CLARK*NJ*070661710~REF*PQ*2621359190~REF*TJ*262135919~LX*1~CLP*BLM88988917*1*125*44*25*12*780271232529647   00**1~NM1*QC*1*STRYKER*MELISSA****MI*BLM88988917~NM1*IL*1*MARTA*THOMAS*J***MI*BLM88988917~NM1*82*2*M M WIESE WAIBEL LCSW*****XX*1902991391~DTM*050*20121120~DTM*232*20121112~DTM*233*20121112~AMT*AU*69~AMT*T2*44~SVC*HC:90806*125*44**1~DTM*472*20121112~CAS*PR*3*25~CAS*CO*45*56~REF*6R*949BLM88988917~REF*HPI*1902991391~AMT*B6*69~CLP*YHQ3HZN48581680*1*125*20*40*13*780261232700444   00**1~NM1*QC*1*SHANN*GARY*A***MI*3HZN48581680~NM1*82*2*M M WIESE WAIBEL LCSW*****XX*1902991391~DTM*050*20121120~DTM*232*20120806~DTM*233*20120806~PER*CX*HORIZON BLUE CROSS BLUE SHIELD OF NEW JERSEY DIRECT ACCESS*TE*8006241110~AMT*AU*60~AMT*T2*20~SVC*HC:90806*125*20**1~DTM*472*20120806~CAS*PR*3*40~CAS*CO*45*65~REF*6R*000001~REF*HPI*1902991391~AMT*B6*60~CLP*3HZN55591900*1*125*30*30*13*780271232535335   00**1~NM1*QC*1*TORRE*JOSEPH****MI*YHQ3HZN55591900~NM1*82*2*M M WIESE WAIBEL LCSW*****XX*1902991391~DTM*050*20121120~DTM*232*20121108~DTM*233*20121108~PER*CX*HORIZON BLUE CROSS BLUE SHIELD OF NEW JERSEY DIRECT ACCESS*TE*8006241110~AMT*AU*60~AMT*T2*30~SVC*HC:90806*125*30**1~DTM*472*20121108~CAS*PR*3*30~CAS*CO*45*65~REF*6R*9513HZN55591900~REF*HPI*1902991391~AMT*B6*60~CLP*HSE3HZN634446000*1*250*35*25*13*780271232643447   00**1~NM1*QC*1*GRANT*MACY****MI*3HZN63444600~NM1*IL*1*MOUNT*TIMOTHY*S***MI*3HZN634446000~NM1*82*2*M M WIESE WAIBEL LCSW*****XX*1902991391~DTM*050*20121120~DTM*232*20121004~DTM*233*20121024~PER*CX*NATIONAL ACCOUNTS POS*TE*8006244758~AMT*AU*60~AMT*T2*35~SVC*HC:90806*125*0**1~DTM*472*20121004~CAS*OA*18*125~REF*6R*000001~REF*HPI*1902991391~SVC*HC:90806*125*35**1~DTM*472*20121024~CAS*PR*3*25~CAS*CO*45*65~REF*6R*000002~REF*HPI*1902991391~AMT*B6*60~CLP*HSE3HZN634446000*4*250*0**13*780271232643564   00**1~NM1*QC*1*GRANT*MACY****MI*3HZN63444600~NM1*IL*1*MOUNT*TIMOTHY*S***MI*3HZN634446000~NM1*82*2*M M WIESE WAIBEL LCSW*****XX*1902991391~DTM*050*20121120~DTM*232*20121004~DTM*233*20121024~PER*CX*NATIONAL ACCOUNTS POS*TE*8006244758~SVC*HC:90806*125*0**1~DTM*472*20121004~CAS*OA*18*125~REF*6R*000001~REF*HPI*1902991391~SVC*HC:90806*125*0**1~DTM*472*20121024~CAS*OA*18*125~REF*6R*000002~REF*HPI*1902991391~CLP*3HZN89299890*1*125*20*40*13*780271232536932   00**1~NM1*QC*1*SHAH*ROSEMARIE****MI*YHX3HZN89299890~NM1*IL*1*SHAH*HR****MI*3HZN892998900~NM1*74*1*SHAH*HASMUKH*R***C*3HZN892998900~NM1*82*2*M M WIESE WAIBEL LCSW*****XX*1902991391~DTM*050*20121120~DTM*232*20121107~DTM*233*20121107~PER*CX*NATIONAL ACCOUNTS POS*TE*8006244758~AMT*AU*60~AMT*T2*20~SVC*HC:90806*125*20**1~DTM*472*20121107~CAS*PR*3*40~CAS*CO*45*65~REF*6R*9423HZN89299890~REF*HPI*1902991391~AMT*B6*60~SE*122*0001~GE*1*123472943~IEA*1*123472943~
