ISA*00*          *00*          *ZZ*330897513      *ZZ*ASSOCIATEDBC   *121130*2220*U*00401*123624382*0*P*:~GS*HP*330897513*ASSOCIATEDBC*20121130*2220*123624382*X*004010X091A1~ST*835*0001~BPR*I*239*C*ACH*CCP*01*031100225*DA*2079950064280/*1220999690**01*231372691*DA*0181143836*20121128~TRN*1*0002737968*1220999690*8352012112823520672~REF*EV*1902991391~DTM*405*20121128~N1*PR*HORIZON BCBSNJ~N3*PAYOR ADDRESS 1~N4*NEWARK*NJ*071010420~REF*2U*22099~N1*PE*M M WIESE WAIBEL LCSW*XX*1902991391~N3*800 RARITAN RD~N4*CLARK*NJ*070661710~REF*PQ*2621359190~REF*TJ*262135919~LX*1~CLP*ROQ5052733500*1*125*44*25*12*780271232540981   00**1~NM1*QC*1*KOVATCH*LISA****MI*ROQ5052733500~NM1*82*2*M M WIESE WAIBEL LCSW*****XX*1902991391~DTM*050*20121120~DTM*232*20121115~DTM*233*20121115~AMT*AU*69~AMT*T2*44~SVC*HC:90806*125*44**1~DTM*472*20121115~CAS*PR*3*25~CAS*CO*45*56~REF*6R*911ROQ5052733500~REF*HPI*1902991391~AMT*B6*69~CLP*3HZN03939260*1*250*90*30*13*780271232538097   00**1~NM1*QC*1*SOMERS*ELAINE****MI*YHQ3HZN03939260~NM1*IL*1*SOMERS*ROBERT****MI*3HZN039392600~NM1*82*2*M M WIESE WAIBEL LCSW*****XX*1902991391~DTM*050*20121120~DTM*232*20121102~DTM*233*20121109~PER*CX*HORIZON BLUE CROSS BLUE SHIELD OF NEW JERSEY DIRECT ACCESS*TE*8006241110~AMT*AU*120~AMT*T2*90~SVC*HC:90806*125*45**1~DTM*472*20121102~CAS*PR*3*15~CAS*CO*45*65~REF*6R*9473HZN03939260~REF*HPI*1902991391~AMT*B6*60~SVC*HC:90806*125*45**1~DTM*472*20121109~CAS*PR*3*15~CAS*CO*45*65~REF*6R*9483HZN03939260~REF*HPI*1902991391~AMT*B6*60~CLP*HSE3HZN634446000*1*250*70*50*13*780271232643950   00**1~NM1*QC*1*GRANT*MACY****MI*3HZN63444600~NM1*IL*1*MOUNT*TIMOTHY*S***MI*3HZN634446000~NM1*82*2*M M WIESE WAIBEL LCSW*****XX*1902991391~DTM*050*20121120~DTM*232*20120920~DTM*233*20120926~PER*CX*NATIONAL ACCOUNTS POS*TE*8006244758~AMT*AU*120~AMT*T2*70~SVC*HC:90806*125*35**1~DTM*472*20120920~CAS*PR*3*25~CAS*CO*45*65~REF*6R*000001~REF*HPI*1902991391~AMT*B6*60~SVC*HC:90806*125*35**1~DTM*472*20120926~CAS*PR*3*25~CAS*CO*45*65~REF*6R*000002~REF*HPI*1902991391~AMT*B6*60~CLP*3HZN69937170*1*125*35*25*13*780271232535439   00**1~NM1*QC*1*ORSINI*SUSAN*J***MI*HEF3HZN69937170~NM1*IL*1*ORSINI*NICHOLAS****MI*3HZN699371700~NM1*74*1*ORSINI*NICHOLAS*R***C*3HZN699371700~NM1*82*2*M M WIESE WAIBEL LCSW*****XX*1902991391~DTM*050*20121120~DTM*232*20121107~DTM*233*20121107~PER*CX*NATIONAL ACCOUNTS POS*TE*8006244758~AMT*AU*60~AMT*T2*35~SVC*HC:90806*125*35**1~DTM*472*20121107~CAS*PR*3*25~CAS*CO*45*65~REF*6R*9313HZN69937170~REF*HPI*1902991391~AMT*B6*60~SE*97*0001~GE*1*123624382~IEA*1*123624382~
