ISA*00*          *00*          *ZZ*330897513      *ZZ*ASSOCIATEDBC   *121204*0231*U*00401*123816011*0*P*:~GS*HP*330897513*ASSOCIATEDBC*20121204*0231*123816011*X*004010X091A1~ST*835*0001~BPR*I*201.63*C*CHK******1043270923******20121203~TRN*1*001567643*1043270923~REF*EV*SL0002~REF*F2*3000-001~DTM*405*20121130~N1*PR*TUFTS BENEFIT ADMINISTRATORS INC.~N3*PO BOX 9185~N4*WATERTOWN*MA*024719185~REF*2U*04298~PER*CX*EDI OPERATIONS*TE*8888808699*EX*4042~N1*PE*GULLA JAMES P. LCMHC*XX*1922200658~LX*1~CLP*640509969*1*300*201.63*50.4*12*2335B6NT~NM1*QC*1*WYMAN*ARTHUR****MI*776987405   02~SVC*HC:90806*100*67.21**1~DTM*472*20121107~CAS*PI*45*15.99~CAS*PR*2*16.8~REF*6R*794640509969~AMT*B6*84.01~SVC*HC:90806*100*67.21**1~DTM*472*20121114~CAS*PI*45*15.99~CAS*PR*2*16.8~REF*6R*795640509969~AMT*B6*84.01~SVC*HC:90806*100*67.21**1~DTM*472*20121121~CAS*PI*45*15.99~CAS*PR*2*16.8~REF*6R*796640509969~AMT*B6*84.01~SE*34*0001~GE*1*123816011~IEA*1*123816011~
