ISA*00*          *00*          *ZZ*330897513      *ZZ*ASSOCIATEDBC   *121210*2327*U*00401*124510793*0*P*:~GS*HP*330897513*ASSOCIATEDBC*20121210*2327*124510793*X*004010X091A1~ST*835*0001~BPR*I*98.37*C*ACH*CCP*01*031100225*DA*2079950064280/*1220999690**01*231372691*DA*0181143836*20121208~TRN*1*0002786188*1220999690*8352012120917510416~REF*EV*1902991391~DTM*405*20121208~N1*PR*HORIZON BCBSNJ~N3*PAYOR ADDRESS 1~N4*NEWARK*NJ*071010420~REF*2U*22099~N1*PE*M M WIESE WAIBEL LCSW*XX*1902991391~N3*800 RARITAN RD~N4*CLARK*NJ*070661710~REF*PQ*2621359190~REF*TJ*262135919~LX*1~CLP*3HZN61685920*1*125*49*20*12*780261229370686   00**1~NM1*QC*1*TAMASHAUSKY*LINDA*S***MI*3HZN616859200~NM1*74*1*TAMASHAUSKY*LINDA****C*YHI3HZN61685920~NM1*82*2*M M WIESE WAIBEL LCSW*****XX*1902991391~DTM*050*20121019~DTM*232*20121010~DTM*233*20121010~PER*CX*NATIONAL ACCOUNTS SERVICED IN MT.LAUREL*TE*8006244758~AMT*AU*69~AMT*T2*49~AMT*I*.34~SVC*HC:90806*125*49**1~DTM*472*20121010~CAS*PR*3*20~CAS*CO*45*56~REF*6R*7273HZN61685920~REF*HPI*1902991391~AMT*B6*69~CLP*3HZN61685920*1*125*49*20*12*780261231253279   00**1~NM1*QC*1*TAMASHAUSKY*LINDA*S***MI*3HZN616859200~NM1*74*1*TAMASHAUSKY*LINDA****C*YHI3HZN61685920~NM1*82*2*M M WIESE WAIBEL LCSW*****XX*1902991391~DTM*050*20121107~DTM*232*20121024~DTM*233*20121024~PER*CX*NATIONAL ACCOUNTS SERVICED IN MT.LAUREL*TE*8006244758~AMT*AU*69~AMT*T2*49~AMT*I*.03~SVC*HC:90806*125*49**1~DTM*472*20121024~CAS*PR*3*20~CAS*CO*45*56~REF*6R*9263HZN61685920~REF*HPI*1902991391~AMT*B6*69~PLB*1902991391*20121231*51:INTEREST PAYMENT*-.37~SE*53*0001~ST*835*0002~BPR*I*20*C*ACH*CCP*01*031100225*DA*2079950064280/*1220999690**01*231372691*DA*0181143836*20121206~TRN*1*0002778162*1220999690*8352012120815500501~REF*EV*1902991391~DTM*405*20121206~N1*PR*HORIZON BCBSNJ~N3*PAYOR ADDRESS 1~N4*NEWARK*NJ*071010420~REF*2U*22099~N1*PE*M M WIESE WAIBEL LCSW*XX*1902991391~N3*800 RARITAN RD~N4*CLARK*NJ*070661710~REF*PQ*2621359190~REF*TJ*262135919~LX*1~CLP*3HZN04606950*1*250*20*100*13*780271232545972   00**1~NM1*QC*1*GEARDINO*CATHLIN*V***MI*YHM3HZN04606950~NM1*IL*1*GEARDINO*THEODORE****MI*3HZN046069500~NM1*82*2*M M WIESE WAIBEL LCSW*****XX*1902991391~DTM*050*20121120~DTM*232*20121101~DTM*233*20121115~PER*CX*HORIZON BLUE CROSS BLUE SHIELD OF NEW JERSEY DIRECT ACCESS*TE*8006241110~AMT*AU*120~AMT*T2*20~SVC*HC:90806*125*10**1~DTM*472*20121101~CAS*PR*3*50~CAS*CO*45*65~REF*6R*9023HZN04606950~REF*HPI*1902991391~AMT*B6*60~SVC*HC:90806*125*10**1~DTM*472*20121115~CAS*PR*3*50~CAS*CO*45*65~REF*6R*9033HZN04606950~REF*HPI*1902991391~AMT*B6*60~SE*40*0002~GE*2*124510793~IEA*1*124510793~
