ISA*00*          *00*          *ZZ*330897513      *ZZ*ASSOCIATEDBC   *121214*0120*U*00401*124942795*0*P*:~GS*HP*330897513*ASSOCIATEDBC*20121214*0120*124942795*X*004010X091A1~ST*835*0001~BPR*I*265*C*ACH*CCP*01*031100225*DA*2079950064280/*1220999690**01*231372691*DA*0181143836*20121211~TRN*1*0002793636*1220999690*8352012121202380822~REF*EV*1902991391~DTM*405*20121211~N1*PR*HORIZON BCBSNJ~N3*PAYOR ADDRESS 1~N4*NEWARK*NJ*071010420~REF*2U*22099~N1*PE*M M WIESE WAIBEL LCSW*XX*1902991391~N3*800 RARITAN RD~N4*CLARK*NJ*070661710~REF*PQ*2621359190~REF*TJ*262135919~LX*1~CLP*3HZN56316950*1*375*162*45*12*780261234511405   00**1~NM1*QC*1*DUFFY*JULIE****MI*3HZN563169500~NM1*74*1*DUFFY*JULIE*A***C*YHB3HZN56316950~NM1*82*2*M M WIESE WAIBEL LCSW*****XX*1902991391~DTM*050*20121208~DTM*232*20121116~DTM*233*20121130~PER*CX*NATIONAL ACCOUNTS SERVICED IN MT.LAUREL*TE*8006244758~AMT*AU*207~AMT*T2*162~SVC*HC:90806*125*54**1~DTM*472*20121116~CAS*PR*3*15~CAS*CO*45*56~REF*6R*6463HZN56316950~REF*HPI*1902991391~AMT*B6*69~SVC*HC:90806*125*54**1~DTM*472*20121121~CAS*PR*3*15~CAS*CO*45*56~REF*6R*6473HZN56316950~REF*HPI*1902991391~AMT*B6*69~SVC*HC:90806*125*54**1~DTM*472*20121130~CAS*PR*3*15~CAS*CO*45*56~REF*6R*6483HZN56316950~REF*HPI*1902991391~AMT*B6*69~CLP*3HZN14345840*1*125*54*15*12*780271234541125   00**1~NM1*QC*1*GREFFER*CHANTAL****MI*3HZN143458400~NM1*74*1*GREFFER*CHANTAL*M***C*YHB3HZN14345840~NM1*82*2*M M WIESE WAIBEL LCSW*****XX*1902991391~DTM*050*20121208~DTM*232*20121119~DTM*233*20121119~PER*CX*NATIONAL ACCOUNTS SERVICED IN MT.LAUREL*TE*8006244758~AMT*AU*69~AMT*T2*54~SVC*HC:90806*125*54**1~DTM*472*20121119~CAS*PR*3*15~CAS*CO*45*56~REF*6R*6613HZN14345840~REF*HPI*1902991391~AMT*B6*69~CLP*3HZN61685920*1*125*49*20*12*780271234543703   00**1~NM1*QC*1*TAMASHAUSKY*LINDA*S***MI*3HZN616859200~NM1*74*1*TAMASHAUSKY*LINDA****C*YHI3HZN61685920~NM1*82*2*M M WIESE WAIBEL LCSW*****XX*1902991391~DTM*050*20121208~DTM*232*20121121~DTM*233*20121121~PER*CX*NATIONAL ACCOUNTS SERVICED IN MT.LAUREL*TE*8006244758~AMT*AU*69~AMT*T2*49~SVC*HC:90806*125*49**1~DTM*472*20121121~CAS*PR*3*20~CAS*CO*45*56~REF*6R*6983HZN61685920~REF*HPI*1902991391~AMT*B6*69~SE*81*0001~GE*1*124942795~IEA*1*124942795~
