ISA*00*          *00*          *ZZ*330897513      *ZZ*ASSOCIATEDBC   *121214*1423*U*00401*125011482*0*P*:~GS*HP*330897513*ASSOCIATEDBC*20121214*1423*125011482*X*004010X091A1~ST*835*0001~BPR*I*49*C*CHK************20121130~TRN*1*150480538*1220999690*22099~DTM*405*20121130~N1*PR*HORIZON BCBSNJ~N3*3 PENN PLAZA~N4*NEWARK*NJ*071010420~REF*2U*22099~PER*CX**TE*8883349242~N1*PE*M M WIESE WAIBEL LCSW*XX*1902991391~N3*800 RARITAN ROAD~N4*CLARK*NJ*070661710~REF*TJ*262135919~LX*1~CLP*R58551940*1*125*49*20*12*27123254049300780*11*1~NM1*QC*1*LIHOU*MARY****MI*R58551940~REF*G1*NOT REQUIRED~DTM*050*20121120~DTM*232*20121114~AMT*AU*69~SVC*HC:90806*125*49**1~DTM*472*20121114~CAS*PR*2*20~CAS*CO*45*56~REF*6R*917R58551940~AMT*B6*69~SE*27*0001~GE*1*125011482~IEA*1*125011482~
