ISA*00*          *00*          *ZZ*330897513      *ZZ*ASSOCIATEDBC   *121217*1738*U*00401*125215005*0*P*:~GS*HP*330897513*ASSOCIATEDBC*20121217*1738*125215005*X*004010X091A1~ST*835*0001~BPR*I*320*C*ACH*CCP*01*031100225*DA*2079950064280/*1220999690**01*231372691*DA*0181143836*20121213~TRN*1*0002809008*1220999690*8352012121405590754~REF*EV*1902991391~DTM*405*20121213~N1*PR*HORIZON BCBSNJ~N3*PAYOR ADDRESS 1~N4*NEWARK*NJ*071010420~REF*2U*22099~N1*PE*M M WIESE WAIBEL LCSW*XX*1902991391~N3*800 RARITAN RD~N4*CLARK*NJ*070661710~REF*PQ*2621359190~REF*TJ*262135919~LX*1~CLP*MKGAN3670307*1*250*88*50*12*780271234557791   00**1~NM1*QC*1*FRANCIS*TIFFANY****MI*MKGAN3670307~NM1*82*2*M M WIESE WAIBEL LCSW*****XX*1902991391~DTM*050*20121208~DTM*232*20121121~DTM*233*20121126~AMT*AU*138~AMT*T2*88~SVC*HC:90806*125*44**1~DTM*472*20121121~CAS*PR*3*25~CAS*CO*45*56~REF*6R*652MKGAN3670307~REF*HPI*1902991391~AMT*B6*69~SVC*HC:90806*125*44**1~DTM*472*20121126~CAS*PR*3*25~CAS*CO*45*56~REF*6R*653MKGAN3670307~REF*HPI*1902991391~AMT*B6*69~CLP*ROQ5052733500*1*125*44*25*12*780261234505265   00**1~NM1*QC*1*KOVATCH*LISA****MI*ROQ5052733500~NM1*82*2*M M WIESE WAIBEL LCSW*****XX*1902991391~DTM*050*20121208~DTM*232*20121121~DTM*233*20121121~AMT*AU*69~AMT*T2*44~SVC*HC:90806*125*44**1~DTM*472*20121121~CAS*PR*3*25~CAS*CO*45*56~REF*6R*667ROQ5052733500~REF*HPI*1902991391~AMT*B6*69~CLP*BLM88988917*1*250*88*50*12*780261234511823   00**1~NM1*QC*1*STRYKER*MELISSA****MI*BLM88988917~NM1*IL*1*MARTA*THOMAS*J***MI*BLM88988917~NM1*82*2*M M WIESE WAIBEL LCSW*****XX*1902991391~DTM*050*20121208~DTM*232*20121119~DTM*233*20121126~AMT*AU*138~AMT*T2*88~SVC*HC:90806*125*44**1~DTM*472*20121119~CAS*PR*3*25~CAS*CO*45*56~REF*6R*696BLM88988917~REF*HPI*1902991391~AMT*B6*69~SVC*HC:90806*125*44**1~DTM*472*20121126~CAS*PR*3*25~CAS*CO*45*56~REF*6R*697BLM88988917~REF*HPI*1902991391~AMT*B6*69~CLP*3HZN36191530*1*125*45*15*13*780271234541025   00**1~NM1*QC*1*LENAHAN*MEAGHAN****MI*3HZN361915300~NM1*74*1*LENAHAN*MEAGHAN*M***C*NJX3HZN36191530~NM1*82*2*M M WIESE WAIBEL LCSW*****XX*1902991391~DTM*050*20121208~DTM*232*20121129~DTM*233*20121129~PER*CX*NJ DIRECT*TE*8006241110~AMT*AU*60~AMT*T2*45~SVC*HC:90806*125*45**1~DTM*472*20121129~CAS*PR*3*15~CAS*CO*45*65~REF*6R*6713HZN36191530~REF*HPI*1902991391~AMT*B6*60~CLP*3HZN27538760*1*125*45*15*13*780271234543153   00**1~NM1*QC*1*RIVERA*CARMEN*R***MI*NJX3HZN27538760~NM1*IL*1*RIVERA*JOSE****MI*3HZN275387600~NM1*82*2*M M WIESE WAIBEL LCSW*****XX*1902991391~DTM*050*20121208~DTM*232*20121119~DTM*233*20121119~PER*CX*NJ DIRECT*TE*8006241110~AMT*AU*60~AMT*T2*45~SVC*HC:90806*125*45**1~DTM*472*20121119~CAS*PR*3*15~CAS*CO*45*65~REF*6R*6893HZN27538760~REF*HPI*1902991391~AMT*B6*60~CLP*3HZN04606950*1*125*10*50*13*780271234544416   00**1~NM1*QC*1*GEARDINO*CATHLIN*V***MI*YHM3HZN04606950~NM1*IL*1*GEARDINO*THEODORE****MI*3HZN046069500~NM1*82*2*M M WIESE WAIBEL LCSW*****XX*1902991391~DTM*050*20121208~DTM*232*20121129~DTM*233*20121129~PER*CX*HORIZON BLUE CROSS BLUE SHIELD OF NEW JERSEY DIRECT ACCESS*TE*8006241110~AMT*AU*60~AMT*T2*10~SVC*HC:90806*125*10**1~DTM*472*20121129~CAS*PR*3*50~CAS*CO*45*65~REF*6R*6573HZN04606950~REF*HPI*1902991391~AMT*B6*60~SE*127*0001~ST*835*0002~BPR*I*90*C*ACH*CCP*01*031100225*DA*2079950064280/*1220999690**01*231372691*DA*0181143836*20121214~TRN*1*0002816958*1220999690*8352012121502310800~REF*EV*1902991391~DTM*405*20121214~N1*PR*HORIZON BCBSNJ~N3*PAYOR ADDRESS 1~N4*NEWARK*NJ*071010420~REF*2U*22099~N1*PE*M M WIESE WAIBEL LCSW*XX*1902991391~N3*800 RARITAN RD~N4*CLARK*NJ*070661710~REF*PQ*2621359190~REF*TJ*262135919~LX*1~CLP*3HZN27215180*1*250*90*30*13*780261234511418   00**1~NM1*QC*1*KELLETT KESSELMAN*MELISSA*J***MI*NJX3HZN27215180~NM1*IL*1*KESSELMAN*KEVIN****MI*3HZN272151800~NM1*74*1*KESSELMAN*KEVIN*A***C*3HZN272151800~NM1*82*2*M M WIESE WAIBEL LCSW*****XX*1902991391~DTM*050*20121208~DTM*232*20121120~DTM*233*20121127~PER*CX*NJ DIRECT*TE*8006241110~AMT*AU*120~AMT*T2*90~SVC*HC:90806*125*45**1~DTM*472*20121120~CAS*PR*3*15~CAS*CO*45*65~REF*6R*6653HZN27215180~REF*HPI*1902991391~AMT*B6*60~SVC*HC:90806*125*45**1~DTM*472*20121127~CAS*PR*3*15~CAS*CO*45*65~REF*6R*6663HZN27215180~REF*HPI*1902991391~AMT*B6*60~SE*41*0002~ST*835*0003~BPR*I*260*C*ACH*CCP*01*031100225*DA*2079950064280/*1220999690**01*231372691*DA*0181143836*20121215~TRN*1*0002824915*1220999690*8352012121615520772~REF*EV*1902991391~DTM*405*20121215~N1*PR*HORIZON BCBSNJ~N3*PAYOR ADDRESS 1~N4*NEWARK*NJ*071010420~REF*2U*22099~N1*PE*M M WIESE WAIBEL LCSW*XX*1902991391~N3*800 RARITAN RD~N4*CLARK*NJ*070661710~REF*PQ*2621359190~REF*TJ*262135919~LX*1~CLP*3HZN71563020*1*250*100*20*13*780261234505754   00**1~NM1*QC*1*BONILLA*NANCY****MI*NJX3HZN71563020~NM1*82*2*M M WIESE WAIBEL LCSW*****XX*1902991391~DTM*050*20121208~DTM*232*20121120~DTM*233*20121127~PER*CX*NJ DIRECT*TE*8006241110~AMT*AU*120~AMT*T2*100~SVC*HC:90806*125*50**1~DTM*472*20121120~CAS*PR*3*10~CAS*CO*45*65~REF*6R*6383HZN71563020~REF*HPI*1902991391~AMT*B6*60~SVC*HC:90806*125*50**1~DTM*472*20121127~CAS*PR*3*10~CAS*CO*45*65~REF*6R*6393HZN71563020~REF*HPI*1902991391~AMT*B6*60~CLP*3HZN15469020*1*125*45*15*13*780261234505253   00**1~NM1*QC*1*MONDI*NICHOL****MI*NJX3HZN15469020~NM1*IL*1*MONDI*FREDERICK****MI*3HZN154690200~NM1*74*1*MONDI*FREDERICK*B***C*3HZN154690200~NM1*82*2*M M WIESE WAIBEL LCSW*****XX*1902991391~DTM*050*20121208~DTM*232*20121126~DTM*233*20121126~PER*CX*NJ DIRECT*TE*8006241110~AMT*AU*60~AMT*T2*45~SVC*HC:90806*125*45**1~DTM*472*20121126~CAS*PR*3*15~CAS*CO*45*65~REF*6R*6783HZN15469020~REF*HPI*1902991391~AMT*B6*60~CLP*3HZN35374750*1*125*50*10*13*780261234506394   00**1~NM1*QC*1*PIZZELLI*MARIA****MI*NJX3HZN35374750~NM1*82*2*M M WIESE WAIBEL LCSW*****XX*1902991391~DTM*050*20121208~DTM*232*20121129~DTM*233*20121129~PER*CX*NJ DIRECT*TE*8006241110~AMT*AU*60~AMT*T2*50~SVC*HC:90806*125*50**1~DTM*472*20121129~CAS*PR*3*10~CAS*CO*45*65~REF*6R*6873HZN35374750~REF*HPI*1902991391~AMT*B6*60~CLP*YHQ3HZN485816*1*125*20*40*13*780271234542415   00**1~NM1*QC*1*SHANN*GARY****MI*3HZN485816803~NM1*74*1*SHANN*GARY*A***C*YHQ3HZN48581680~NM1*82*2*M M WIESE WAIBEL LCSW*****XX*1902991391~DTM*050*20121208~DTM*232*20121116~DTM*233*20121116~PER*CX*HORIZON BLUE CROSS BLUE SHIELD OF NEW JERSEY DIRECT ACCESS*TE*8006241110~AMT*AU*60~AMT*T2*20~SVC*HC:90806*125*20**1~DTM*472*20121116~CAS*PR*3*40~CAS*CO*45*65~REF*6R*690YHQ3HZN485816~REF*HPI*1902991391~AMT*B6*60~CLP*3HZN03939260*1*125*45*15*13*780271234561542   00**1~NM1*QC*1*SOMERS*ELAINE****MI*YHQ3HZN03939260~NM1*IL*1*SOMERS*ROBERT****MI*3HZN039392600~NM1*82*2*M M WIESE WAIBEL LCSW*****XX*1902991391~DTM*050*20121208~DTM*232*20121116~DTM*233*20121116~PER*CX*HORIZON BLUE CROSS BLUE SHIELD OF NEW JERSEY DIRECT ACCESS*TE*8006241110~AMT*AU*60~AMT*T2*45~SVC*HC:90806*125*45**1~DTM*472*20121116~CAS*PR*3*15~CAS*CO*45*65~REF*6R*6953HZN03939260~REF*HPI*1902991391~AMT*B6*60~CLP*HSE3HZN634446000*4*250*0**13*780291234517611   00**1~NM1*QC*1*GRANT*MACY****MI*3HZN634446000~NM1*IL*1*MOUNT*TIMOTHY*S***MI*3HZN634446000~NM1*82*2*M M WIESE WAIBEL LCSW*****XX*1902991391~DTM*050*20121120~DTM*232*20120920~DTM*233*20120926~PER*CX*NATIONAL ACCOUNTS POS*TE*8006244758~SVC*HC:90806*125*0**1~DTM*472*20120920~CAS*OA*18*125~REF*6R*000001~REF*HPI*1902991391~SVC*HC:90806*125*0**1~DTM*472*20120926~CAS*OA*18*125~REF*6R*000002~REF*HPI*1902991391~CLP*HSE3HZN634446000*4*250*0**13*780291234528553   00**1~NM1*QC*1*GRANT*MACY****MI*3HZN63444600~NM1*IL*1*MOUNT*TIMOTHY*S***MI*3HZN634446000~NM1*82*2*M M WIESE WAIBEL LCSW*****XX*1902991391~DTM*050*20121120~DTM*232*20120720~DTM*233*20120726~PER*CX*NATIONAL ACCOUNTS POS*TE*8006244758~SVC*HC:90806*125*0**1~DTM*472*20120720~CAS*OA*18*125~REF*6R*000001~REF*HPI*1902991391~SVC*HC:90806*125*0**1~DTM*472*20120726~CAS*OA*18*125~REF*6R*000002~REF*HPI*1902991391~SE*143*0003~ST*835*0004~BPR*I*49*C*CHK************20121214~TRN*1*150797942*1220999690*22099~DTM*405*20121214~N1*PR*HORIZON BCBSNJ~N3*3 PENN PLAZA~N4*NEWARK*NJ*071010420~REF*2U*22099~PER*CX**TE*8883349242~N1*PE*M M WIESE WAIBEL LCSW*XX*1902991391~N3*800 RARITAN ROAD~N4*CLARK*NJ*070661710~REF*TJ*262135919~LX*1~CLP*R58027107*1*125*49*20*12*27123456030300780*11*1~NM1*QC*1*MULLIGAN*CHERYL****MI*R58027107~NM1*IL*1*MULLIGAN*THOMAS****MI*R58027107~REF*G1*NOT REQUIRED~DTM*050*20121208~DTM*232*20121128~AMT*AU*69~SVC*HC:90806*125*49**1~DTM*472*20121128~CAS*PR*2*20~CAS*CO*45*56~REF*6R*681R58027107~AMT*B6*69~SE*28*0004~ST*835*0005~BPR*I*134.42*C*CHK******1043270923******20121217~TRN*1*001574263*1043270923~REF*EV*SL0002~REF*F2*3000-001~DTM*405*20121214~N1*PR*TUFTS BENEFIT ADMINISTRATORS INC.~N3*PO BOX 9185~N4*WATERTOWN*MA*024719185~REF*2U*04298~PER*CX*EDI OPERATIONS*TE*8888808699*EX*4042~N1*PE*GULLA JAMES P. LCMHC*XX*1922200658~LX*1~CLP*645817830*1*200*134.42*33.6*12*2349BEII~NM1*QC*1*WYMAN*ARTHUR****MI*776987405   02~SVC*HC:90806*100*67.21**1~DTM*472*20121128~CAS*PI*45*15.99~CAS*PR*2*16.8~REF*6R*542645817830~AMT*B6*84.01~SVC*HC:90806*100*67.21**1~DTM*472*20121205~CAS*PI*45*15.99~CAS*PR*2*16.8~REF*6R*544645817830~AMT*B6*84.01~SE*28*0005~GE*5*125215005~IEA*1*125215005~
