ISA*00*          *00*          *ZZ*330897513      *ZZ*ASSOCIATEDBC   *121220*2236*U*00401*125646719*0*P*:~GS*HP*330897513*ASSOCIATEDBC*20121220*2236*125646719*X*004010X091A1~ST*835*0001~BPR*I*45*C*ACH*CCP*01*031100225*DA*2079950064280/*1220999690**01*231372691*DA*0181143836*20121218~TRN*1*0002832661*1220999690*8352012121900240779~REF*EV*1902991391~DTM*405*20121218~N1*PR*HORIZON BCBSNJ~N3*PAYOR ADDRESS 1~N4*NEWARK*NJ*071010420~REF*2U*22099~N1*PE*M M WIESE WAIBEL LCSW*XX*1902991391~N3*800 RARITAN RD~N4*CLARK*NJ*070661710~REF*PQ*2621359190~REF*TJ*262135919~LX*1~CLP*3HZN07394940*1*125*10*50*13*780271234558402   00**1~NM1*QC*1*KACEREK*CRYSTAL****MI*YHX3HZN07394940~NM1*IL*1*YAWLAK*BRIAN****MI*3HZN073949400~NM1*82*2*M M WIESE WAIBEL LCSW*****XX*1902991391~DTM*050*20121208~DTM*232*20121128~DTM*233*20121128~PER*CX*NATIONAL ACCOUNTS POS*TE*8006244758~AMT*AU*60~AMT*T2*10~SVC*HC:90806*125*10**1~DTM*472*20121128~CAS*PR*3*50~CAS*CO*45*65~REF*6R*6633HZN07394940~REF*HPI*1902991391~AMT*B6*60~CLP*3HZN69937170*1*125*35*25*13*780271234560630   00**1~NM1*QC*1*ORSINI*SUSAN*J***MI*HEF3HZN69937170~NM1*IL*1*ORSINI*NICHOLAS****MI*3HZN699371700~NM1*74*1*ORSINI*NICHOLAS*R***C*3HZN699371700~NM1*82*2*M M WIESE WAIBEL LCSW*****XX*1902991391~DTM*050*20121208~DTM*232*20121121~DTM*233*20121121~PER*CX*NATIONAL ACCOUNTS POS*TE*8006244758~AMT*AU*60~AMT*T2*35~SVC*HC:90806*125*35**1~DTM*472*20121121~CAS*PR*3*25~CAS*CO*45*65~REF*6R*6833HZN69937170~REF*HPI*1902991391~AMT*B6*60~SE*51*0001~GE*1*125646719~IEA*1*125646719~
