ISA*00*          *00*          *ZZ*330897513      *ZZ*ASSOCIATEDBC   *121224*1958*U*00401*125885669*0*P*:~GS*HP*330897513*ASSOCIATEDBC*20121224*1958*125885669*X*004010X091A1~ST*835*0001~BPR*I*370*C*ACH*CCP*01*031100225*DA*2079950064280/*1220999690**01*231372691*DA*0181143836*20121221~TRN*1*0002853779*1220999690*8352012122201150752~REF*EV*1902991391~DTM*405*20121221~N1*PR*HORIZON BCBSNJ~N3*PAYOR ADDRESS 1~N4*NEWARK*NJ*071010420~REF*2U*22099~N1*PE*M M WIESE WAIBEL LCSW*XX*1902991391~N3*800 RARITAN RD~N4*CLARK*NJ*070661710~REF*PQ*2621359190~REF*TJ*262135919~LX*1~CLP*3HZN55591900*1*125*30*30*13*780281235468131   00**1~NM1*QC*1*TORRE*JOSEPH****MI*YHQ3HZN55591900~NM1*82*2*M M WIESE WAIBEL LCSW*****XX*1902991391~DTM*050*20121219~DTM*232*20121207~DTM*233*20121207~PER*CX*HORIZON BLUE CROSS BLUE SHIELD OF NEW JERSEY DIRECT ACCESS*TE*8006241110~AMT*AU*60~AMT*T2*30~SVC*HC:90806*125*30**1~DTM*472*20121207~CAS*PR*3*30~CAS*CO*45*65~REF*6R*8853HZN55591900~REF*HPI*1902991391~AMT*B6*60~CLP*3HZN07394940*1*125*10*50*13*780281235465084   00**1~NM1*QC*1*KACEREK*CRYSTAL****MI*YHX3HZN07394940~NM1*IL*1*YAWLAK*BRIAN****MI*3HZN073949400~NM1*82*2*M M WIESE WAIBEL LCSW*****XX*1902991391~DTM*050*20121219~DTM*232*20121206~DTM*233*20121206~PER*CX*NATIONAL ACCOUNTS POS*TE*8006244758~AMT*AU*60~AMT*T2*10~SVC*HC:90806*125*10**1~DTM*472*20121206~CAS*PR*3*50~CAS*CO*45*65~REF*6R*7943HZN07394940~REF*HPI*1902991391~AMT*B6*60~CLP*3HZN69937170*1*125*35*25*13*780281235468134   00**1~NM1*QC*1*ORSINI*SUSAN*J***MI*HEF3HZN69937170~NM1*IL*1*ORSINI*NICHOLAS****MI*3HZN699371700~NM1*74*1*ORSINI*NICHOLAS*R***C*3HZN699371700~NM1*82*2*M M WIESE WAIBEL LCSW*****XX*1902991391~DTM*050*20121219~DTM*232*20121205~DTM*233*20121205~PER*CX*NATIONAL ACCOUNTS POS*TE*8006244758~AMT*AU*60~AMT*T2*35~SVC*HC:90806*125*35**1~DTM*472*20121205~CAS*PR*3*25~CAS*CO*45*65~REF*6R*8323HZN69937170~REF*HPI*1902991391~AMT*B6*60~CLP*3HZN89299890*1*125*20*40*13*780281235413745   00**1~NM1*QC*1*SHAH*ROSEMARIE****MI*YHX3HZN89299890~NM1*IL*1*SHAH*HR****MI*3HZN892998900~NM1*74*1*SHAH*HASMUKH*R***C*3HZN892998900~NM1*82*2*M M WIESE WAIBEL LCSW*****XX*1902991391~DTM*050*20121219~DTM*232*20121205~DTM*233*20121205~PER*CX*NATIONAL ACCOUNTS POS*TE*8006244758~AMT*AU*60~AMT*T2*20~SVC*HC:90806*125*20**1~DTM*472*20121205~CAS*PR*3*40~CAS*CO*45*65~REF*6R*8663HZN89299890~REF*HPI*1902991391~AMT*B6*60~CLP*3HZN74465430*1*125*59*10*12*780281235468135   00**1~NM1*QC*1*DOHERTY*MARCELLE*N***MI*YHB3HZN74465430~NM1*IL*1*DOHERTY*DANIEL****MI*3HZN744654300~NM1*74*1*DOHERTY*DANIEL*J***C*3HZN744654300~NM1*82*2*M M WIESE WAIBEL LCSW*****XX*1902991391~DTM*050*20121219~DTM*232*20121213~DTM*233*20121213~PER*CX*NATIONAL ACCOUNTS SERVICED IN MT.LAUREL*TE*8006244758~AMT*AU*69~AMT*T2*59~SVC*HC:90806*125*59**1~DTM*472*20121213~CAS*PR*3*10~CAS*CO*45*56~REF*6R*7733HZN74465430~REF*HPI*1902991391~AMT*B6*69~CLP*3HZN56316950*1*250*108*30*12*780281235487175   00**1~NM1*QC*1*DUFFY*JULIE****MI*3HZN563169500~NM1*74*1*DUFFY*JULIE*A***C*YHB3HZN56316950~NM1*82*2*M M WIESE WAIBEL LCSW*****XX*1902991391~DTM*050*20121219~DTM*232*20121207~DTM*233*20121214~PER*CX*NATIONAL ACCOUNTS SERVICED IN MT.LAUREL*TE*8006244758~AMT*AU*138~AMT*T2*108~SVC*HC:90806*125*54**1~DTM*472*20121207~CAS*PR*3*15~CAS*CO*45*56~REF*6R*7753HZN56316950~REF*HPI*1902991391~AMT*B6*69~SVC*HC:90806*125*54**1~DTM*472*20121214~CAS*PR*3*15~CAS*CO*45*56~REF*6R*7763HZN56316950~REF*HPI*1902991391~AMT*B6*69~CLP*3HZN14345840*1*250*108*30*12*780281235468136   00**1~NM1*QC*1*GREFFER*CHANTAL****MI*3HZN143458400~NM1*74*1*GREFFER*CHANTAL*M***C*YHB3HZN14345840~NM1*82*2*M M WIESE WAIBEL LCSW*****XX*1902991391~DTM*050*20121219~DTM*232*20121203~DTM*233*20121210~PER*CX*NATIONAL ACCOUNTS SERVICED IN MT.LAUREL*TE*8006244758~AMT*AU*138~AMT*T2*108~SVC*HC:90806*125*54**1~DTM*472*20121203~CAS*PR*3*15~CAS*CO*45*56~REF*6R*7873HZN14345840~REF*HPI*1902991391~AMT*B6*69~SVC*HC:90806*125*54**1~DTM*472*20121210~CAS*PR*3*15~CAS*CO*45*56~REF*6R*7883HZN14345840~REF*HPI*1902991391~AMT*B6*69~SE*151*0001~GE*1*125885669~IEA*1*125885669~
