ISA*00*          *00*          *ZZ*330897513      *ZZ*ASSOCIATEDBC   *121226*0108*U*00401*125926972*0*P*:~GS*HP*330897513*ASSOCIATEDBC*20121226*0108*125926972*X*004010X091A1~ST*835*0001~BPR*I*124.39*C*CHK************20121221~TRN*1*150944293*1220999690*22099~DTM*405*20121221~N1*PR*HORIZON BCBSNJ~N3*3 PENN PLAZA~N4*NEWARK*NJ*071010420~REF*2U*22099~PER*CX**TE*8883349242~N1*PE*M M WIESE WAIBEL LCSW*XX*1902991391~N3*800 RARITAN ROAD~N4*CLARK*NJ*070661710~REF*TJ*262135919~LX*1~CLP*140345760 B*2*125*26.39**12*27123555299400780*11*1~NM1*QC*1*ANDROLOWICZ*ROSE*M***MI*R12245853~NM1*74*1**STANLEY*R~DTM*050*20121220~DTM*232*20120713~AMT*AU*65.97~SVC*HC:90806*125*26.39**1~DTM*472*20120713~CAS*OA*23*98.61~REF*6R*LX01~AMT*B6*65.97~CLP*R58551940*1*125*49*20*12*28123546508300780*11*1~NM1*QC*1*LIHOU*MARY****MI*R58551940~REF*G1*NOT REQUIRED~DTM*050*20121219~DTM*232*20121212~AMT*AU*69~SVC*HC:90806*125*49**1~DTM*472*20121212~CAS*PR*2*20~CAS*CO*45*56~REF*6R*817R58551940~AMT*B6*69~CLP*R58027107*1*125*49*20*12*28123546813300780*11*1~NM1*QC*1*MULLIGAN*CHERYL****MI*R58027107~NM1*IL*1*MULLIGAN*THOMAS****MI*R58027107~REF*G1*NOT REQUIRED~DTM*050*20121219~DTM*232*20121212~AMT*AU*69~SVC*HC:90806*125*49**1~DTM*472*20121212~CAS*PR*2*20~CAS*CO*45*56~REF*6R*829R58027107~AMT*B6*69~SE*51*0001~ST*835*0002~BPR*I*16.39*C*ACH*CCP*01*031100225*DA*2079950064280/*1220999690**01*231372691*DA*0181143836*20121222~TRN*1*0002861151*1220999690*8352012122401050728~REF*EV*1902991391~DTM*405*20121222~N1*PR*HORIZON BCBSNJ~N3*PAYOR ADDRESS 1~N4*NEWARK*NJ*071010420~REF*2U*22099~N1*PE*M M WIESE WAIBEL LCSW*XX*1902991391~N3*800 RARITAN RD~N4*CLARK*NJ*070661710~REF*PQ*2621359190~REF*TJ*262135919~LX*1~CLP*143342949A*2*125*16.39*10*13*780271235608986   00**1~NM1*QC*1*COSQUER*DOLORES****MI*3HZN22671350~NM1*82*2*M M WIESE WAIBEL LCSW*****XX*1902991391~DTM*050*20121220~DTM*232*20120815~DTM*233*20120815~PER*CX*NJ DIRECT*TE*8006241110~AMT*AU*65.97~AMT*T2*16.39~SVC*HC:90806*125*16.39**1~DTM*472*20120815~CAS*PR*3*10~CAS*OA*23*98.61~REF*6R*LX01~REF*HPI*1902991391~AMT*B6*65.97~SE*32*0002~GE*2*125926972~IEA*1*125926972~
