ISA*00*          *00*          *ZZ*330897513      *ZZ*ASSOCIATEDBC   *121226*1337*U*00401*125969533*0*P*:~GS*HP*330897513*ASSOCIATEDBC*20121226*1337*125969533*X*004010X091A1~ST*835*0001~BPR*I*406.78*C*ACH*CCP*01*031100225*DA*2079950064280/*1220999690**01*231372691*DA*0181143836*20121225~TRN*1*0002868679*1220999690*8352012122523410740~REF*EV*1902991391~DTM*405*20121225~N1*PR*HORIZON BCBSNJ~N3*PAYOR ADDRESS 1~N4*NEWARK*NJ*071010420~REF*2U*22099~N1*PE*M M WIESE WAIBEL LCSW*XX*1902991391~N3*800 RARITAN RD~N4*CLARK*NJ*070661710~REF*PQ*2621359190~REF*TJ*262135919~LX*1~CLP*MKGAN3670307*1*250*88*50*12*780281235487173   00**1~NM1*QC*1*FRANCIS*TIFFANY****MI*MKGAN3670307~NM1*82*2*M M WIESE WAIBEL LCSW*****XX*1902991391~DTM*050*20121219~DTM*232*20121206~DTM*233*20121212~AMT*AU*138~AMT*T2*88~SVC*HC:90806*125*44**1~DTM*472*20121206~CAS*PR*3*25~CAS*CO*45*56~REF*6R*780MKGAN3670307~REF*HPI*1902991391~AMT*B6*69~SVC*HC:90806*125*44**1~DTM*472*20121212~CAS*PR*3*25~CAS*CO*45*56~REF*6R*781MKGAN3670307~REF*HPI*1902991391~AMT*B6*69~CLP*BLM88988917*1*500*176*100*12*780281235465082   00**1~NM1*QC*1*STRYKER*MELISSA****MI*BLM88988917~NM1*IL*1*MARTA*THOMAS*J***MI*BLM88988917~NM1*82*2*M M WIESE WAIBEL LCSW*****XX*1902991391~DTM*050*20121219~DTM*232*20121203~DTM*233*20121214~AMT*AU*276~AMT*T2*176~SVC*HC:90806*125*44**1~DTM*472*20121203~CAS*PR*3*25~CAS*CO*45*56~REF*6R*881BLM88988917~REF*HPI*1902991391~AMT*B6*69~SVC*HC:90806*125*44**1~DTM*472*20121207~CAS*PR*3*25~CAS*CO*45*56~REF*6R*882BLM88988917~REF*HPI*1902991391~AMT*B6*69~SVC*HC:90806*125*44**1~DTM*472*20121210~CAS*PR*3*25~CAS*CO*45*56~REF*6R*883BLM88988917~REF*HPI*1902991391~AMT*B6*69~SVC*HC:90806*125*44**1~DTM*472*20121214~CAS*PR*3*25~CAS*CO*45*56~REF*6R*884BLM88988917~REF*HPI*1902991391~AMT*B6*69~CLP*143342949A*2*125*16.39*10*13*780281235602158   00**1~NM1*QC*1*COSQUER*DOLORES****MI*3HZN22671350~NM1*82*2*M M WIESE WAIBEL LCSW*****XX*1902991391~DTM*050*20121221~DTM*232*20121017~DTM*233*20121017~PER*CX*NJ DIRECT*TE*8006241110~AMT*AU*65.97~AMT*T2*16.39~SVC*HC:90806*125*16.39**1~DTM*472*20121017~CAS*PR*3*10~CAS*OA*23*98.61~REF*6R*LX01~REF*HPI*1902991391~AMT*B6*65.97~CLP*143342949A*2*125*16.39*10*13*780281235618506   00**1~NM1*QC*1*COSQUER*DOLORES****MI*3HZN22671350~NM1*82*2*M M WIESE WAIBEL LCSW*****XX*1902991391~DTM*050*20121221~DTM*232*20121031~DTM*233*20121031~PER*CX*NJ DIRECT*TE*8006241110~AMT*AU*65.97~AMT*T2*16.39~SVC*HC:90806*125*16.39**1~DTM*472*20121031~CAS*PR*3*10~CAS*OA*23*98.61~REF*6R*LX01~REF*HPI*1902991391~AMT*B6*65.97~CLP*3HZN03939260*1*250*90*30*13*780281235468130   00**1~NM1*QC*1*SOMERS*ELAINE****MI*YHQ3HZN03939260~NM1*IL*1*SOMERS*ROBERT****MI*3HZN039392600~NM1*82*2*M M WIESE WAIBEL LCSW*****XX*1902991391~DTM*050*20121219~DTM*232*20121207~DTM*233*20121214~PER*CX*HORIZON BLUE CROSS BLUE SHIELD OF NEW JERSEY DIRECT ACCESS*TE*8006241110~AMT*AU*120~AMT*T2*90~SVC*HC:90806*125*45**1~DTM*472*20121207~CAS*PR*3*15~CAS*CO*45*65~REF*6R*8793HZN03939260~REF*HPI*1902991391~AMT*B6*60~SVC*HC:90806*125*45**1~DTM*472*20121214~CAS*PR*3*15~CAS*CO*45*65~REF*6R*8803HZN03939260~REF*HPI*1902991391~AMT*B6*60~CLP*151662088 A*2*125*20*6.39*13*780281235670299   00**1~NM1*QC*1*CICALESE*KRISTA*A***MI*3HZN98001790~NM1*82*2*M M WIESE WAIBEL LCSW*****XX*1902991391~DTM*050*20121221~DTM*232*20121016~DTM*233*20121016~PER*CX*NATIONAL ACCOUNTS POS*TE*8006244758~AMT*AU*60~AMT*T2*20~SVC*HC:90806*125*20**1~DTM*472*20121016~CAS*PR*3*40**204*-33.61~CAS*OA*23*98.61~REF*6R*LX01~REF*HPI*1902991391~AMT*B6*60~SE*147*0001~GE*1*125969533~IEA*1*125969533~
