ISA*00*          *00*          *ZZ*330897513      *ZZ*ASSOCIATEDBC   *121227*1556*U*00401*126084951*0*P*:~GS*HP*330897513*ASSOCIATEDBC*20121227*1556*126084951*X*004010X091A1~ST*835*0001~BPR*H*0*C*NON************20121226~TRN*1*012302736*1216000928~REF*EV*9904204~DTM*405*20121221~N1*PR*NEW JERSEY MEDICAID~N3*3705 QUAKERBRIDGE ROAD, SUITE 101~N4*TRENTON*NJ*086191288~PER*CX*NEW JERSEY MEDICAID PROVIDER SERVICES*TE*8007766334~N1*PE*WAY          KAREN      GPHD*XX*1477603942~REF*PQ*0225177~REF*TJ*008388097~LX*1~CLP*026662235A*2*150*0**MC*201235421750801-13320670*11*1~NM1*QC*1*GRIMALDI*JENNIFER*J***MR*212080697401~REF*EA*0812320026180~DTM*232*20121015~DTM*233*20121015~SVC*HC:90806*150*0**1**0~DTM*472*20121015~CAS*CO*45*150~REF*6R*LX#01~LQ*HE*M57~LQ*HE*M86~CLP*135742336 A*2*130*0**MC*201235422566101-0670*11*1~NM1*QC*1*HAMMOND*NORMAN****MR*122081285101~REF*EA*0812320026190~DTM*232*20121016~DTM*233*20121016~SVC*HC:90806*130*0**1**0~DTM*472*20121016~CAS*CO*45*130~REF*6R*LX#01~LQ*HE*M86~CLP*135405190 A*2*130*0**MC*201235421750901-0670*11*1~NM1*QC*1*ZABOROWSKI*RAYMOND*T***MR*122077125801~REF*EA*0812320026110~DTM*232*20121017~DTM*233*20121017~SVC*HC:90806*130*0**1**0~DTM*472*20121017~CAS*CO*45*130~REF*6R*LX#01~LQ*HE*M86~CLP*137640510 A*2*130*0**MC*201235421751001-13320670*11*1~NM1*QC*1*SANCHEZ*ARAENA****MR*182000374401~REF*EA*0812320026090~DTM*232*20121018~DTM*233*20121018~SVC*HC:90806*130*0**1**0~DTM*472*20121018~CAS*CO*45*130~REF*6R*LX#01~LQ*HE*M57~LQ*HE*M86~CLP*026662235A*2*150*0**MC*201235421750802-13320670*11*1~NM1*QC*1*GRIMALDI*JENNIFER*J***MR*212080697401~REF*EA*0812320026180~DTM*232*20121022~DTM*233*20121022~SVC*HC:90806*150*0**1**0~DTM*472*20121022~CAS*CO*45*150~REF*6R*LX#02~LQ*HE*M57~LQ*HE*M86~CLP*135742336 A*2*130*0**MC*201235422566102-0670*11*1~NM1*QC*1*HAMMOND*NORMAN****MR*122081285101~REF*EA*0812320026190~DTM*232*20121023~DTM*233*20121023~SVC*HC:90806*130*0**1**0~DTM*472*20121023~CAS*CO*45*130~REF*6R*LX#02~LQ*HE*M86~CLP*135405190 A*2*130*0**MC*201235421750902-0670*11*1~NM1*QC*1*ZABOROWSKI*RAYMOND*T***MR*122077125801~REF*EA*0812320026110~DTM*232*20121024~DTM*233*20121024~SVC*HC:90806*130*0**1**0~DTM*472*20121024~CAS*CO*45*130~REF*6R*LX#02~LQ*HE*M86~SE*87*0001~GE*1*126084951~IEA*1*126084951~
