ISA*00*          *00*          *ZZ*330897513      *ZZ*ASSOCIATEDBC   *121231*1138*U*00401*126324706*0*P*:~GS*HP*330897513*ASSOCIATEDBC*20121231*1138*126324706*X*004010X091A1~ST*835*0001~BPR*I*528*C*ACH*CCP*01*031100225*DA*2079950064280/*1220999690**01*231372691*DA*0181143836*20121228~TRN*1*0002886482*1220999690*8352012122900570668~REF*EV*1902991391~DTM*405*20121228~N1*PR*HORIZON BCBSNJ~N3*PAYOR ADDRESS 1~N4*NEWARK*NJ*071010420~REF*2U*22099~N1*PE*M M WIESE WAIBEL LCSW*XX*1902991391~N3*800 RARITAN RD~N4*CLARK*NJ*070661710~REF*PQ*2621359190~REF*TJ*262135919~LX*1~CLP*3HZN55672980*1*125*54*6*13*780281235465087   00**1~NM1*QC*1*BAKER DRUMMOND*ANASTACIA****MI*NJX3HZN55672980~NM1*IL*1*DRUMMOND*BERESFORD****MI*3HZN556729800~NM1*82*2*M M WIESE WAIBEL LCSW*****XX*1902991391~DTM*050*20121219~DTM*232*20121206~DTM*233*20121206~PER*CX*NJ DIRECT*TE*8006241110~AMT*AU*60~AMT*T2*54~SVC*HC:90806*125*54**1~DTM*472*20121206~CAS*PR*2*6~CAS*CO*45*65~REF*6R*7393HZN55672980~REF*HPI*1902991391~AMT*B6*60~CLP*3HZN71563020*1*250*100*20*13*780281235465086   00**1~NM1*QC*1*BONILLA*NANCY****MI*NJX3HZN71563020~NM1*82*2*M M WIESE WAIBEL LCSW*****XX*1902991391~DTM*050*20121219~DTM*232*20121204~DTM*233*20121211~PER*CX*NJ DIRECT*TE*8006241110~AMT*AU*120~AMT*T2*100~SVC*HC:90806*125*50**1~DTM*472*20121204~CAS*PR*3*10~CAS*CO*45*65~REF*6R*7523HZN71563020~REF*HPI*1902991391~AMT*B6*60~SVC*HC:90806*125*50**1~DTM*472*20121211~CAS*PR*3*10~CAS*CO*45*65~REF*6R*7543HZN71563020~REF*HPI*1902991391~AMT*B6*60~CLP*3HZN27215180*1*250*90*30*13*780281235413746   00**1~NM1*QC*1*KELLETT KESSELMAN*MELISSA*J***MI*NJX3HZN27215180~NM1*IL*1*KESSELMAN*KEVIN****MI*3HZN272151800~NM1*74*1*KESSELMAN*KEVIN*A***C*3HZN272151800~NM1*82*2*M M WIESE WAIBEL LCSW*****XX*1902991391~DTM*050*20121219~DTM*232*20121203~DTM*233*20121211~PER*CX*NJ DIRECT*TE*8006241110~AMT*AU*120~AMT*T2*90~SVC*HC:90806*125*45**1~DTM*472*20121203~CAS*PR*3*15~CAS*CO*45*65~REF*6R*8103HZN27215180~REF*HPI*1902991391~AMT*B6*60~SVC*HC:90806*125*45**1~DTM*472*20121211~CAS*PR*3*15~CAS*CO*45*65~REF*6R*8113HZN27215180~REF*HPI*1902991391~AMT*B6*60~CLP*3HZN36191530*1*250*90*30*13*780281235465085   00**1~NM1*QC*1*LENAHAN*MEAGHAN****MI*3HZN361915300~NM1*74*1*LENAHAN*MEAGHAN*M***C*NJX3HZN36191530~NM1*82*2*M M WIESE WAIBEL LCSW*****XX*1902991391~DTM*050*20121219~DTM*232*20121206~DTM*233*20121213~PER*CX*NJ DIRECT*TE*8006241110~AMT*AU*120~AMT*T2*90~SVC*HC:90806*125*45**1~DTM*472*20121206~CAS*PR*3*15~CAS*CO*45*65~REF*6R*8153HZN36191530~REF*HPI*1902991391~AMT*B6*60~SVC*HC:90806*125*45**1~DTM*472*20121213~CAS*PR*3*15~CAS*CO*45*65~REF*6R*8163HZN36191530~REF*HPI*1902991391~AMT*B6*60~CLP*3HZN15469020*1*125*45*15*13*780281235468132   00**1~NM1*QC*1*MONDI*NICHOL****MI*NJX3HZN15469020~NM1*IL*1*MONDI*FREDERICK****MI*3HZN154690200~NM1*74*1*MONDI*FREDERICK*B***C*3HZN154690200~NM1*82*2*M M WIESE WAIBEL LCSW*****XX*1902991391~DTM*050*20121219~DTM*232*20121203~DTM*233*20121203~PER*CX*NJ DIRECT*TE*8006241110~AMT*AU*60~AMT*T2*45~SVC*HC:90806*125*45**1~DTM*472*20121203~CAS*PR*3*15~CAS*CO*45*65~REF*6R*8273HZN15469020~REF*HPI*1902991391~AMT*B6*60~CLP*3HZN35374750*1*125*50*10*13*780281235487172   00**1~NM1*QC*1*PIZZELLI*MARIA****MI*NJX3HZN35374750~NM1*82*2*M M WIESE WAIBEL LCSW*****XX*1902991391~DTM*050*20121219~DTM*232*20121213~DTM*233*20121213~PER*CX*NJ DIRECT*TE*8006241110~AMT*AU*60~AMT*T2*50~SVC*HC:90806*125*50**1~DTM*472*20121213~CAS*PR*3*10~CAS*CO*45*65~REF*6R*8403HZN35374750~REF*HPI*1902991391~AMT*B6*60~CLP*3HZN27538760*1*125*45*15*13*780281235487171   00**1~NM1*QC*1*RIVERA*CARMEN*R***MI*NJX3HZN27538760~NM1*IL*1*RIVERA*JOSE****MI*3HZN275387600~NM1*82*2*M M WIESE WAIBEL LCSW*****XX*1902991391~DTM*050*20121219~DTM*232*20121203~DTM*233*20121203~PER*CX*NJ DIRECT*TE*8006241110~AMT*AU*60~AMT*T2*45~SVC*HC:90806*125*45**1~DTM*472*20121203~CAS*PR*3*15~CAS*CO*45*65~REF*6R*8473HZN27538760~REF*HPI*1902991391~AMT*B6*60~CLP*3HZN22531530*1*125*54*6*13*780281235468129   00**1~NM1*QC*1*WRIGHT*MICHAEL****MI*3HZN225315300~NM1*74*1*WRIGHT*MICHAEL*K***C*NJX3HZN22531530~NM1*82*2*M M WIESE WAIBEL LCSW*****XX*1902991391~DTM*050*20121219~DTM*232*20121204~DTM*233*20121204~PER*CX*NJ DIRECT*TE*8006241110~AMT*AU*60~AMT*T2*54~SVC*HC:90806*125*54**1~DTM*472*20121204~CAS*PR*2*6~CAS*CO*45*65~REF*6R*8883HZN22531530~REF*HPI*1902991391~AMT*B6*60~SE*173*0001~GE*1*126324706~IEA*1*126324706~
