ISA*00*          *00*          *ZZ*330897513      *ZZ*ASSOCIATEDBC   *130103*2039*U*00401*126629194*0*P*:~GS*HP*330897513*ASSOCIATEDBC*20130103*2039*126629194*X*004010X091A1~ST*835*0001~BPR*H*0*C*NON************20130102~TRN*1*012313421*1216000928~REF*EV*9904204~DTM*405*20121228~N1*PR*NEW JERSEY MEDICAID~N3*3705 QUAKERBRIDGE ROAD, SUITE 101~N4*TRENTON*NJ*086191288~PER*CX*NEW JERSEY MEDICAID PROVIDER SERVICES*TE*8007766334~N1*PE*WAY          KAREN      GPHD*XX*1477603942~REF*PQ*0225177~REF*TJ*008388097~LX*1~CLP*026662235A*2*150*0**MC*201236322955401-0670*11*1~NM1*QC*1*GRIMALDI*JENNIFER*J***MR*212080697401~REF*EA*0812331018770~DTM*232*20121105~DTM*233*20121105~SVC*HC:90806*150*0**1**0~DTM*472*20121105~CAS*CO*45*150~REF*6R*LX#01~LQ*HE*M86~CLP*137640510 A*2*130*0**MC*201236322955301-0670*11*1~NM1*QC*1*SANCHEZ*ARAENA****MR*182000374401~REF*EA*0812331018720~DTM*232*20121108~DTM*233*20121108~SVC*HC:90806*130*0**1**0~DTM*472*20121108~CAS*CO*45*130~REF*6R*LX#01~LQ*HE*M86~CLP*026662235A*2*150*0**MC*201236322955101-0670*11*1~NM1*QC*1*GRIMALDI*JENNIFER*J***MR*212080697401~REF*EA*0812331018770~DTM*232*20121112~DTM*233*20121112~SVC*HC:90806*150*0**1**0~DTM*472*20121112~CAS*CO*45*150~REF*6R*LX#02~LQ*HE*M86~CLP*135742336 A*2*130*0**MC*201236324347101-0670*11*1~NM1*QC*1*HAMMOND*NORMAN****MR*122081285101~REF*EA*0812331018780~DTM*232*20121113~DTM*233*20121113~SVC*HC:90806*130*0**1**0~DTM*472*20121113~CAS*CO*45*130~REF*6R*LX#01~LQ*HE*M86~CLP*135405190 A*2*130*0**MC*201236322955201-0670*11*1~NM1*QC*1*ZABOROWSKI*RAYMOND*T***MR*122077125801~REF*EA*0812331018710~DTM*232*20121114~DTM*233*20121114~SVC*HC:90806*130*0**1**0~DTM*472*20121114~CAS*CO*45*130~REF*6R*LX#01~LQ*HE*M86~CLP*137640510 A*2*130*0**MC*201236322955302-0670*11*1~NM1*QC*1*SANCHEZ*ARAENA****MR*182000374401~REF*EA*0812331018720~DTM*232*20121115~DTM*233*20121115~SVC*HC:90806*130*0**1**0~DTM*472*20121115~CAS*CO*45*130~REF*6R*LX#02~LQ*HE*M86~SE*74*0001~GE*1*126629194~IEA*1*126629194~
