ISA*00*          *00*          *ZZ*330897513      *ZZ*ASSOCIATEDBC   *130111*1801*U*00401*127427691*0*P*:~GS*HP*330897513*ASSOCIATEDBC*20130111*1801*127427691*X*004010X091A1~ST*835*0001~BPR*I*352*C*ACH*CCP*01*031100225*DA*2079950064280/*1220999690**01*231372691*DA*0181143836*20130110~TRN*1*0002948657*1220999690*8352013011100390735~REF*EV*1902991391~DTM*405*20130110~N1*PR*HORIZON BCBSNJ~N3*PAYOR ADDRESS 1~N4*NEWARK*NJ*071010420~REF*2U*22099~N1*PE*M M WIESE WAIBEL LCSW*XX*1902991391~N3*800 RARITAN RD~N4*CLARK*NJ*070661710~REF*PQ*2621359190~REF*TJ*262135919~LX*1~CLP*3HZN55672980*1*125*54*6*13*780271300852312   00**1~NM1*QC*1*BAKER DRUMMOND*ANASTACIA****MI*NJX3HZN55672980~NM1*IL*1*DRUMMOND*BERESFORD****MI*3HZN556729800~NM1*82*2*M M WIESE WAIBEL LCSW*****XX*1902991391~DTM*050*20130108~DTM*232*20121220~DTM*233*20121220~PER*CX*NJ DIRECT*TE*8006241110~AMT*AU*60~AMT*T2*54~SVC*HC:90806*125*54**1~DTM*472*20121220~CAS*PR*2*6~CAS*CO*45*65~REF*6R*4353HZN55672980~REF*HPI*1902991391~AMT*B6*60~CLP*3HZN71563020*1*125*50*10*13*780271300847342   00**1~NM1*QC*1*BONILLA*NANCY****MI*NJX3HZN71563020~NM1*82*2*M M WIESE WAIBEL LCSW*****XX*1902991391~DTM*050*20130108~DTM*232*20121218~DTM*233*20121218~PER*CX*NJ DIRECT*TE*8006241110~AMT*AU*60~AMT*T2*50~SVC*HC:90806*125*50**1~DTM*472*20121218~CAS*PR*3*10~CAS*CO*45*65~REF*6R*4383HZN71563020~REF*HPI*1902991391~AMT*B6*60~CLP*3HZN36191530*1*125*45*15*13*780271300846824   00**1~NM1*QC*1*LENAHAN*MEAGHAN****MI*3HZN361915300~NM1*74*1*LENAHAN*MEAGHAN*M***C*NJX3HZN36191530~NM1*82*2*M M WIESE WAIBEL LCSW*****XX*1902991391~DTM*050*20130108~DTM*232*20121220~DTM*233*20121220~PER*CX*NJ DIRECT*TE*8006241110~AMT*AU*60~AMT*T2*45~SVC*HC:90806*125*45**1~DTM*472*20121220~CAS*PR*3*15~CAS*CO*45*65~REF*6R*4523HZN36191530~REF*HPI*1902991391~AMT*B6*60~CLP*3HZN15469020*1*125*45*15*13*780271300847343   00**1~NM1*QC*1*MONDI*NICHOL****MI*NJX3HZN15469020~NM1*IL*1*MONDI*FREDERICK****MI*3HZN154690200~NM1*74*1*MONDI*FREDERICK*B***C*3HZN154690200~NM1*82*2*M M WIESE WAIBEL LCSW*****XX*1902991391~DTM*050*20130108~DTM*232*20121217~DTM*233*20121217~PER*CX*NJ DIRECT*TE*8006241110~AMT*AU*60~AMT*T2*45~SVC*HC:90806*125*45**1~DTM*472*20121217~CAS*PR*3*15~CAS*CO*45*65~REF*6R*4563HZN15469020~REF*HPI*1902991391~AMT*B6*60~CLP*3HZN55591900*1*125*30*30*13*780271300852313   00**1~NM1*QC*1*TORRE*JOSEPH****MI*YHQ3HZN55591900~NM1*82*2*M M WIESE WAIBEL LCSW*****XX*1902991391~DTM*050*20130108~DTM*232*20121220~DTM*233*20121220~PER*CX*HORIZON BLUE CROSS BLUE SHIELD OF NEW JERSEY DIRECT ACCESS*TE*8006241110~AMT*AU*60~AMT*T2*30~SVC*HC:90806*125*30**1~DTM*472*20121220~CAS*PR*3*30~CAS*CO*45*65~REF*6R*4693HZN55591900~REF*HPI*1902991391~AMT*B6*60~CLP*3HZN89299890*1*125*20*40*13*780271300840866   00**1~NM1*QC*1*SHAH*ROSEMARIE****MI*YHX3HZN89299890~NM1*IL*1*SHAH*HR****MI*3HZN892998900~NM1*74*1*SHAH*HASMUKH*R***C*3HZN892998900~NM1*82*2*M M WIESE WAIBEL LCSW*****XX*1902991391~DTM*050*20130108~DTM*232*20121219~DTM*233*20121219~PER*CX*NATIONAL ACCOUNTS POS*TE*8006244758~AMT*AU*60~AMT*T2*20~SVC*HC:90806*125*20**1~DTM*472*20121219~CAS*PR*3*40~CAS*CO*45*65~REF*6R*4643HZN89299890~REF*HPI*1902991391~AMT*B6*60~CLP*3HZN56316950*1*125*54*15*12*780271300852310   00**1~NM1*QC*1*DUFFY*JULIE****MI*3HZN563169500~NM1*74*1*DUFFY*JULIE*A***C*YHB3HZN56316950~NM1*82*2*M M WIESE WAIBEL LCSW*****XX*1902991391~DTM*050*20130108~DTM*232*20121221~DTM*233*20121221~PER*CX*NATIONAL ACCOUNTS SERVICED IN MT.LAUREL*TE*8006244758~AMT*AU*69~AMT*T2*54~SVC*HC:90806*125*54**1~DTM*472*20121221~CAS*PR*3*15~CAS*CO*45*56~REF*6R*4413HZN56316950~REF*HPI*1902991391~AMT*B6*69~CLP*3HZN14345840*1*125*54*15*12*780271300846826   00**1~NM1*QC*1*GREFFER*CHANTAL****MI*3HZN143458400~NM1*74*1*GREFFER*CHANTAL*M***C*YHB3HZN14345840~NM1*82*2*M M WIESE WAIBEL LCSW*****XX*1902991391~DTM*050*20130108~DTM*232*20121217~DTM*233*20121217~PER*CX*NATIONAL ACCOUNTS SERVICED IN MT.LAUREL*TE*8006244758~AMT*AU*69~AMT*T2*54~SVC*HC:90806*125*54**1~DTM*472*20121217~CAS*PR*3*15~CAS*CO*45*56~REF*6R*4473HZN14345840~REF*HPI*1902991391~AMT*B6*69~SE*152*0001~GE*1*127427691~IEA*1*127427691~
