ISA*00*          *00*          *ZZ*330897513      *ZZ*ASSOCIATEDBC   *130114*2022*U*00401*127623345*0*P*:~GS*HP*330897513*ASSOCIATEDBC*20130114*2022*127623345*X*004010X091A1~ST*835*0001~BPR*I*134.42*C*CHK******1043270923******20130114~TRN*1*001586445*1043270923~REF*EV*SL0002~REF*F2*3000-001~DTM*405*20130111~N1*PR*TUFTS BENEFIT ADMINISTRATORS INC.~N3*PO BOX 9185~N4*WATERTOWN*MA*024719185~REF*2U*04298~PER*CX*EDI OPERATIONS*TE*8888808699*EX*4042~N1*PE*GULLA JAMES P. LCMHC*XX*1922200658~LX*1~CLP*654875929*1*200*134.42*33.6*12*3010BBOG~NM1*QC*1*WYMAN*ARTHUR****MI*776987405   02~SVC*HC:90806*100*67.21**1~DTM*472*20121212~CAS*PI*45*15.99~CAS*PR*2*16.8~REF*6R*018654875929~AMT*B6*84.01~SVC*HC:90806*100*67.21**1~DTM*472*20121219~CAS*PI*45*15.99~CAS*PR*2*16.8~REF*6R*019654875929~AMT*B6*84.01~SE*28*0001~GE*1*127623345~IEA*1*127623345~
