ISA*00*          *00*          *ZZ*330897513      *ZZ*ASSOCIATEDBC   *130115*2236*U*00401*127760533*0*P*:~GS*HP*330897513*ASSOCIATEDBC*20130115*2236*127760533*X*004010X091A1~ST*835*0001~BPR*I*168.39*C*ACH*CCP*01*031100225*DA*2079950064280/*1220999690**01*231372691*DA*0181143836*20130111~TRN*1*0002955662*1220999690*8352013011202060728~REF*EV*1902991391~DTM*405*20130111~N1*PR*HORIZON BCBSNJ~N3*PAYOR ADDRESS 1~N4*NEWARK*NJ*071010420~REF*2U*22099~N1*PE*M M WIESE WAIBEL LCSW*XX*1902991391~N3*800 RARITAN RD~N4*CLARK*NJ*070661710~REF*PQ*2621359190~REF*TJ*262135919~LX*1~CLP*MKGAN3670307*1*125*44*25*12*780271300846822   00**1~NM1*QC*1*FRANCIS*TIFFANY****MI*MKGAN3670307~NM1*82*2*M M WIESE WAIBEL LCSW*****XX*1902991391~DTM*050*20130108~DTM*232*20121221~DTM*233*20121221~AMT*AU*69~AMT*T2*44~SVC*HC:90806*125*44**1~DTM*472*20121221~CAS*PR*3*25~CAS*CO*45*56~REF*6R*444MKGAN3670307~REF*HPI*1902991391~AMT*B6*69~CLP*BLM88988917*1*250*88*50*12*780271300840863   00**1~NM1*QC*1*STRYKER*MELISSA****MI*BLM88988917~NM1*IL*1*MARTA*THOMAS*J***MI*BLM88988917~NM1*82*2*M M WIESE WAIBEL LCSW*****XX*1902991391~DTM*050*20130108~DTM*232*20121217~DTM*233*20121221~AMT*AU*138~AMT*T2*88~SVC*HC:90806*125*44**1~DTM*472*20121217~CAS*PR*3*25~CAS*CO*45*56~REF*6R*467BLM88988917~REF*HPI*1902991391~AMT*B6*69~SVC*HC:90806*125*44**1~DTM*472*20121221~CAS*PR*3*25~CAS*CO*45*56~REF*6R*468BLM88988917~REF*HPI*1902991391~AMT*B6*69~CLP*143342949A*2*125*16.39*10*13*780261301078232   00**1~NM1*QC*1*COSQUER*DOLORES****MI*3HZN22671350~NM1*82*2*M M WIESE WAIBEL LCSW*****XX*1902991391~DTM*050*20130110~DTM*232*20121128~DTM*233*20121128~PER*CX*NJ DIRECT*TE*8006241110~AMT*AU*65.97~AMT*T2*16.39~SVC*HC:90806*125*16.39**1~DTM*472*20121128~CAS*PR*3*10~CAS*OA*23*98.61~REF*6R*LX01~REF*HPI*1902991391~AMT*B6*65.97~CLP*151662088 A*2*125*20*6.39*13*780261301073911   00**1~NM1*QC*1*CICALESE*KRISTA*A***MI*3HZN98001790~NM1*82*2*M M WIESE WAIBEL LCSW*****XX*1902991391~DTM*050*20130110~DTM*232*20121127~DTM*233*20121127~PER*CX*NATIONAL ACCOUNTS POS*TE*8006244758~AMT*AU*60~AMT*T2*20~SVC*HC:90806*125*20**1~DTM*472*20121127~CAS*PR*3*40**204*-33.61~CAS*OA*23*98.61~REF*6R*LX01~REF*HPI*1902991391~AMT*B6*60~CLP*3HZN96735280*1*250*0*138*15*780261301046817   00**1~NM1*QC*1*MENDEZ*ERIKA****MI*YHC3HZN96735280~NM1*IL*1*MENDEZ*JUAN*C***MI*3HZN967352800~NM1*82*2*M M WIESE WAIBEL LCSW*****XX*1902991391~DTM*050*20130108~DTM*232*20121204~DTM*233*20121210~PER*CX*NATIONAL ACCOUNTS SERVICED IN MT.LAUREL*TE*8006244758~AMT*AU*138~SVC*HC:90806*125*0**1~DTM*472*20121204~CAS*PR*204*69~CAS*CO*94*-69~CAS*OA*204*125~REF*6R*000001~REF*HPI*1902991391~AMT*B6*69~SVC*HC:90806*125*0**1~DTM*472*20121210~CAS*PR*204*69~CAS*CO*94*-69~CAS*OA*204*125~REF*6R*000002~REF*HPI*1902991391~AMT*B6*69~SE*111*0001~GE*1*127760533~IEA*1*127760533~
