ISA*00*          *00*          *ZZ*330897513      *ZZ*ASSOCIATEDBC   *130117*0331*U*00401*127906109*0*P*:~GS*HP*330897513*ASSOCIATEDBC*20130117*0331*127906109*X*004010X091A1~ST*835*0001~BPR*H*0*C*NON************20130116~TRN*1*012334157*1216000928~REF*EV*9904204~DTM*405*20130111~N1*PR*NEW JERSEY MEDICAID~N3*3705 QUAKERBRIDGE ROAD, SUITE 101~N4*TRENTON*NJ*086191288~PER*CX*NEW JERSEY MEDICAID PROVIDER SERVICES*TE*8007766334~N1*PE*WAY          KAREN      GPHD*XX*1477603942~REF*PQ*0225177~REF*TJ*008388097~LX*1~CLP*026662235A*2*150*0**MC*201301120617401-0670*11*1~NM1*QC*1*GRIMALDI*JENNIFER*J***MR*212080697401~REF*EA*0812345106090~DTM*232*20121119~DTM*233*20121119~SVC*HC:90806*150*0**1**0~DTM*472*20121119~CAS*CO*45*150~REF*6R*LX#01~LQ*HE*M86~CLP*135742336 A*2*130*0**MC*201301120895302-0670*11*1~NM1*QC*1*HAMMOND*NORMAN****MR*122081285101~REF*EA*0812345106080~DTM*232*20121120~DTM*233*20121120~SVC*HC:90806*130*0**1**0~DTM*472*20121120~CAS*CO*45*130~REF*6R*LX#01~LQ*HE*M86~CLP*135405190 A*2*130*0**MC*201301120617501-0670*11*1~NM1*QC*1*ZABOROWSKI*RAYMOND*T***MR*122077125801~REF*EA*0812345106160~DTM*232*20121121~DTM*233*20121121~SVC*HC:90806*130*0**1**0~DTM*472*20121121~CAS*CO*45*130~REF*6R*LX#01~LQ*HE*M86~CLP*135742336 A*2*130*0**MC*201301120895301-0670*11*1~NM1*QC*1*HAMMOND*NORMAN****MR*122081285101~REF*EA*0812345106080~DTM*232*20121127~DTM*233*20121127~SVC*HC:90806*130*0**1**0~DTM*472*20121127~CAS*CO*45*130~REF*6R*LX#02~LQ*HE*M86~CLP*135405190 A*2*130*0**MC*201301120617502-0670*11*1~NM1*QC*1*ZABOROWSKI*RAYMOND*T***MR*122077125801~REF*EA*0812345106160~DTM*232*20121128~DTM*233*20121128~SVC*HC:90806*130*0**1**0~DTM*472*20121128~CAS*CO*45*130~REF*6R*LX#02~LQ*HE*M86~CLP*137640510 A*2*130*0**MC*201301120617601-0670*11*1~NM1*QC*1*SANCHEZ*ARAENA****MR*182000374401~REF*EA*0812345106180~DTM*232*20121129~DTM*233*20121129~SVC*HC:90806*130*0**1**0~DTM*472*20121129~CAS*CO*45*130~REF*6R*LX#01~LQ*HE*M86~SE*74*0001~GE*1*127906109~IEA*1*127906109~
