ISA*00*          *00*          *ZZ*330897513      *ZZ*ASSOCIATEDBC   *130117*1719*U*00401*127990731*0*P*:~GS*HP*330897513*ASSOCIATEDBC*20130117*1719*127990731*X*004010X091A1~ST*835*0001~BPR*H*0*C*NON************20130116~TRN*1*0015006775*1220999690*8352013011700400724~REF*EV*1902991391~DTM*405*20130116~N1*PR*HORIZON BCBSNJ~N3*PAYOR ADDRESS 1~N4*NEWARK*NJ*071010420~REF*2U*22099~N1*PE*M M WIESE WAIBEL LCSW*XX*1902991391~N3*800 RARITAN RD~N4*CLARK*NJ*070661710~REF*PQ*2621359190~REF*TJ*262135919~LX*1~CLP*3HZN27215180*1*125*0*125*13*780271300847357   00**1~NM1*QC*1*KELLETT KESSELMAN*MELISSA*J***MI*NJX3HZN27215180~NM1*IL*1*KESSELMAN*KEVIN****MI*3HZN272151800~NM1*74*1*KESSELMAN*KEVIN*A***C*3HZN272151800~NM1*82*2*M M WIESE WAIBEL LCSW*****XX*1902991391~DTM*050*20130108~DTM*232*20121218~DTM*233*20121218~PER*CX*NJ DIRECT*TE*8006241110~SVC*HC:90806*125*0**1~DTM*472*20121218~CAS*PR*22*125~REF*6R*4493HZN27215180~REF*HPI*1902991391~SE*30*0001~GE*1*127990731~IEA*1*127990731~
