ISA*00*          *00*          *ZZ*330897513      *ZZ*ASSOCIATEDBC   *130118*2022*U*00401*128138065*0*P*:~GS*HP*330897513*ASSOCIATEDBC*20130118*2022*128138065*X*004010X091A1~ST*835*0001~BPR*H*0*C*NON************20130117~TRN*1*0015009974*1220999690*8352013011800170654~REF*EV*1902991391~DTM*405*20130117~N1*PR*HORIZON BCBSNJ~N3*PAYOR ADDRESS 1~N4*NEWARK*NJ*071010420~REF*2U*22099~N1*PE*M M WIESE WAIBEL LCSW*XX*1902991391~N3*800 RARITAN RD~N4*CLARK*NJ*070661710~REF*PQ*2621359190~REF*TJ*262135919~LX*1~CLP*3HZN96735280*1*125*0*69*15*780271301608523   00**1~NM1*QC*1*MENDEZ*ERIKA****MI*3HZN96735280~NM1*IL*1*MENDEZ*JUAN*C***MI*3HZN967352800~NM1*82*2*M M WIESE WAIBEL LCSW*****XX*1902991391~DTM*050*20121228~DTM*232*20121126~DTM*233*20121126~PER*CX*NATIONAL ACCOUNTS SERVICED IN MT.LAUREL*TE*8006244758~AMT*AU*69~SVC*HC:90806*125*0**1~DTM*472*20121126~CAS*PR*204*69~CAS*CO*94*-4~CAS*OA*204*60~REF*6R*000001~REF*HPI*1902991391~AMT*B6*69~SE*33*0001~GE*1*128138065~IEA*1*128138065~
