ISA*00*          *00*          *ZZ*330897513      *ZZ*ASSOCIATEDBC   *130121*2344*U*00401*128321245*0*P*:~GS*HP*330897513*ASSOCIATEDBC*20130121*2344*128321245*X*004010X091A1~ST*835*0001~BPR*I*10*C*ACH*CCP*01*031100225*DA*2079950064280/*1220999690**01*231372691*DA*0181143836*20130118~TRN*1*0002990302*1220999690*8352013011900540736~REF*EV*1902991391~DTM*405*20130118~N1*PR*HORIZON BCBSNJ~N3*PAYOR ADDRESS 1~N4*NEWARK*NJ*071010420~REF*2U*22099~N1*PE*M M WIESE WAIBEL LCSW*XX*1902991391~N3*800 RARITAN RD~N4*CLARK*NJ*070661710~REF*PQ*2621359190~REF*TJ*262135919~LX*1~CLP*3HZN04606950*1*125*10*50*13*780281235487174   00**1~NM1*QC*1*GEARDINO*CATHLIN*V***MI*YHM3HZN04606950~NM1*IL*1*GEARDINO*THEODORE****MI*3HZN046069500~NM1*82*2*M M WIESE WAIBEL LCSW*****XX*1902991391~DTM*050*20121219~DTM*232*20121213~DTM*233*20121213~PER*CX*HORIZON BLUE CROSS BLUE SHIELD OF NEW JERSEY DIRECT ACCESS*TE*8006241110~AMT*AU*60~AMT*T2*10~SVC*HC:90806*125*10**1~DTM*472*20121213~CAS*PR*3*50~CAS*CO*45*65~REF*6R*7853HZN04606950~REF*HPI*1902991391~AMT*B6*60~SE*33*0001~GE*1*128321245~IEA*1*128321245~
