ISA*00*          *00*          *ZZ*330897513      *ZZ*ASSOCIATEDBC   *130125*1425*U*00401*128789446*0*P*:~GS*HP*330897513*ASSOCIATEDBC*20130125*1425*128789446*X*004010X091A1~ST*835*0001~BPR*I*653*C*ACH*CCP*01*031100225*DA*2079950064280/*1220999690**01*231372691*DA*0181143836*20130124~TRN*1*0003016350*1220999690*8352013012500140748~REF*EV*1902991391~DTM*405*20130124~N1*PR*HORIZON BCBSNJ~N3*PAYOR ADDRESS 1~N4*NEWARK*NJ*071010420~REF*2U*22099~N1*PE*M M WIESE WAIBEL LCSW*XX*1902991391~N3*800 RARITAN RD~N4*CLARK*NJ*070661710~REF*PQ*2621359190~REF*TJ*262135919~LX*1~CLP*ROQ5052733500*4*125*0**12*780261301888707   00**1~NM1*QC*1*KOVATCH*LISA****MI*ROQ5052733500~NM1*82*2*M M WIESE WAIBEL LCSW*****XX*1902991391~DTM*050*20130118~DTM*232*20130102~DTM*233*20130102~SVC*HC:99199*125*0**1*HC:90834~DTM*472*20130102~CAS*OA*204*125~REF*6R*735ROQ5052733500~REF*HPI*1902991391~LQ*HE*M51~CLP*3HZN71563020*1*250*100*20*13*780261301888710   00**1~NM1*QC*1*BONILLA*NANCY****MI*NJX3HZN71563020~NM1*82*2*M M WIESE WAIBEL LCSW*****XX*1902991391~DTM*050*20130118~DTM*232*20130108~DTM*233*20130115~PER*CX*NJ DIRECT*TE*8006241110~AMT*AU*120~AMT*T2*100~SVC*HC:99199*125*50**1*HC:90834~DTM*472*20130108~CAS*PR*3*10~CAS*CO*45*65~REF*6R*6983HZN71563020~REF*HPI*1902991391~AMT*B6*60~SVC*HC:99199*125*50**1*HC:90834~DTM*472*20130115~CAS*PR*3*10~CAS*CO*45*65~REF*6R*6993HZN71563020~REF*HPI*1902991391~AMT*B6*60~CLP*3HZN85261690*1*375*102*30*13*780271301802893   00**1~NM1*QC*1*CORNWELL*ELIZABETH****MI*3HZN852616900~NM1*74*1*CORNWELL*ELIZABETH*H***C*NJX3HZN85261690~NM1*82*2*M M WIESE WAIBEL LCSW*****XX*1902991391~DTM*050*20130118~DTM*232*20130107~DTM*233*20130114~PER*CX*NJ DIRECT*TE*8006241110~AMT*AU*132~AMT*T2*102~SVC*HC:99199*250*57**1*HC:90791~DTM*472*20130107~CAS*PR*3*15~CAS*CO*45*178~REF*6R*7083HZN85261690~REF*HPI*1902991391~AMT*B6*72~SVC*HC:99199*125*45**1*HC:90834~DTM*472*20130114~CAS*PR*3*15~CAS*CO*45*65~REF*6R*7093HZN85261690~REF*HPI*1902991391~AMT*B6*60~CLP*3HZN27215180*1*250*0*250*13*780271301817006   00**1~NM1*QC*1*KELLETT KESSELMAN*MELISSA*J***MI*NJX3HZN27215180~NM1*IL*1*KESSELMAN*KEVIN****MI*3HZN272151800~NM1*74*1*KESSELMAN*KEVIN*A***C*3HZN272151800~NM1*82*2*M M WIESE WAIBEL LCSW*****XX*1902991391~DTM*050*20130118~DTM*232*20130108~DTM*233*20130115~PER*CX*NJ DIRECT*TE*8006241110~SVC*HC:99199*125*0**1*HC:90834~DTM*472*20130108~CAS*PR*22*125~REF*6R*7333HZN27215180~REF*HPI*1902991391~SVC*HC:99199*125*0**1*HC:90834~DTM*472*20130115~CAS*PR*22*125~REF*6R*7343HZN27215180~REF*HPI*1902991391~CLP*3HZN36191530*1*125*45*15*13*780271301817003   00**1~NM1*QC*1*LENAHAN*MEAGHAN****MI*3HZN361915300~NM1*74*1*LENAHAN*MEAGHAN*M***C*NJX3HZN36191530~NM1*82*2*M M WIESE WAIBEL LCSW*****XX*1902991391~DTM*050*20130118~DTM*232*20130103~DTM*233*20130103~PER*CX*NJ DIRECT*TE*8006241110~AMT*AU*60~AMT*T2*45~SVC*HC:99199*125*45**1*HC:90834~DTM*472*20130103~CAS*PR*3*15~CAS*CO*45*65~REF*6R*7393HZN36191530~REF*HPI*1902991391~AMT*B6*60~CLP*3HZN15469020*1*125*45*15*13*780271301802892   00**1~NM1*QC*1*MONDI*NICHOL****MI*NJX3HZN15469020~NM1*IL*1*MONDI*FREDERICK****MI*3HZN154690200~NM1*74*1*MONDI*FREDERICK*B***C*3HZN154690200~NM1*82*2*M M WIESE WAIBEL LCSW*****XX*1902991391~DTM*050*20130118~DTM*232*20130114~DTM*233*20130114~PER*CX*NJ DIRECT*TE*8006241110~AMT*AU*60~AMT*T2*45~SVC*HC:99199*125*45**1*HC:90834~DTM*472*20130114~CAS*PR*3*15~CAS*CO*45*65~REF*6R*7513HZN15469020~REF*HPI*1902991391~AMT*B6*60~CLP*3HZN27538760*1*250*90*30*13*780271301816999   00**1~NM1*QC*1*RIVERA*CARMEN*R***MI*NJX3HZN27538760~NM1*IL*1*RIVERA*JOSE****MI*3HZN275387600~NM1*82*2*M M WIESE WAIBEL LCSW*****XX*1902991391~DTM*050*20130118~DTM*232*20130103~DTM*233*20130114~PER*CX*NJ DIRECT*TE*8006241110~AMT*AU*120~AMT*T2*90~SVC*HC:99199*125*45**1*HC:90834~DTM*472*20130103~CAS*PR*3*15~CAS*CO*45*65~REF*6R*7633HZN27538760~REF*HPI*1902991391~AMT*B6*60~SVC*HC:99199*125*45**1*HC:90834~DTM*472*20130114~CAS*PR*3*15~CAS*CO*45*65~REF*6R*7643HZN27538760~REF*HPI*1902991391~AMT*B6*60~CLP*3HZN22531530*1*125*54*6*13*780271301804356   00**1~NM1*QC*1*WRIGHT*MICHAEL****MI*3HZN225315300~NM1*74*1*WRIGHT*MICHAEL*K***C*NJX3HZN22531530~NM1*82*2*M M WIESE WAIBEL LCSW*****XX*1902991391~DTM*050*20130118~DTM*232*20130115~DTM*233*20130115~PER*CX*NJ DIRECT*TE*8006241110~AMT*AU*60~AMT*T2*54~SVC*HC:99199*125*54**1*HC:90834~DTM*472*20130115~CAS*PR*2*6~CAS*CO*45*65~REF*6R*7753HZN22531530~REF*HPI*1902991391~AMT*B6*60~CLP*3HZN35374750*1*125*50*10*13*780271301817005   00**1~NM1*QC*1*PIZZELLI*MARIA****MI*NJX3HZN35374750~NM1*82*2*M M WIESE WAIBEL LCSW*****XX*1902991391~DTM*050*20130118~DTM*232*20130103~DTM*233*20130103~PER*CX*HORIZON BLUE CROSS BLUE SHIELD OF NEW JERSEY DIRECT ACCESS*TE*8006241110~AMT*AU*60~AMT*T2*50~SVC*HC:99199*125*50**1*HC:90834~DTM*472*20130103~CAS*PR*3*10~CAS*CO*45*65~REF*6R*7603HZN35374750~REF*HPI*1902991391~AMT*B6*60~CLP*3HZN03939260*1*250*90*30*13*780271301817001   00**1~NM1*QC*1*SOMERS*ELAINE****MI*YHQ3HZN03939260~NM1*IL*1*SOMERS*ROBERT****MI*3HZN039392600~NM1*82*2*M M WIESE WAIBEL LCSW*****XX*1902991391~DTM*050*20130118~DTM*232*20130104~DTM*233*20130111~PER*CX*HORIZON BLUE CROSS BLUE SHIELD OF NEW JERSEY DIRECT ACCESS*TE*8006241110~AMT*AU*120~AMT*T2*90~SVC*HC:99199*125*45**1*HC:90834~DTM*472*20130104~CAS*PR*3*15~CAS*CO*45*65~REF*6R*7703HZN03939260~REF*HPI*1902991391~AMT*B6*60~SVC*HC:99199*125*45**1*HC:90834~DTM*472*20130111~CAS*PR*3*15~CAS*CO*45*65~REF*6R*7713HZN03939260~REF*HPI*1902991391~AMT*B6*60~CLP*3HZN78707750*1*250*22*50*13*780271301804360   00**1~NM1*QC*1*LANIGAN*JONATHAN****MI*HAA3HZN78707750~NM1*IL*1*LANIGAN*DIANE****MI*3HZN787077500~NM1*74*1*LANIGAN*DIANE*M***C*3HZN787077500~NM1*82*2*M M WIESE WAIBEL LCSW*****XX*1902991391~DTM*050*20130118~DTM*232*20130111~DTM*233*20130111~PER*CX*NATIONAL ACCOUNTS POS*TE*8006244758~AMT*AU*72~AMT*T2*22~SVC*HC:99199*250*22**1*HC:90791~DTM*472*20130111~CAS*PR*3*50~CAS*CO*45*178~REF*6R*7373HZN78707750~REF*HPI*1902991391~AMT*B6*72~CLP*3HZN69937170*1*125*35*25*13*780271301804359   00**1~NM1*QC*1*ORSINI*SUSAN*J***MI*HEF3HZN69937170~NM1*IL*1*ORSINI*NICHOLAS****MI*3HZN699371700~NM1*74*1*ORSINI*NICHOLAS*R***C*3HZN699371700~NM1*82*2*M M WIESE WAIBEL LCSW*****XX*1902991391~DTM*050*20130118~DTM*232*20130102~DTM*233*20130102~PER*CX*NATIONAL ACCOUNTS POS*TE*8006244758~AMT*AU*60~AMT*T2*35~SVC*HC:99199*125*35**1*HC:90834~DTM*472*20130102~CAS*PR*3*25~CAS*CO*45*65~REF*6R*7573HZN69937170~REF*HPI*1902991391~AMT*B6*60~CLP*3HZN89299890*1*125*20*40*13*780261301887053   00**1~NM1*QC*1*SHAH*ROSEMARIE****MI*YHX3HZN89299890~NM1*IL*1*SHAH*HR****MI*3HZN892998900~NM1*74*1*SHAH*HASMUKH*R***C*3HZN892998900~NM1*82*2*M M WIESE WAIBEL LCSW*****XX*1902991391~DTM*050*20130118~DTM*232*20130109~DTM*233*20130109~PER*CX*NATIONAL ACCOUNTS POS*TE*8006244758~AMT*AU*60~AMT*T2*20~SVC*HC:99199*125*20**1*HC:90834~DTM*472*20130109~CAS*PR*3*40~CAS*CO*45*65~REF*6R*7653HZN89299890~REF*HPI*1902991391~AMT*B6*60~SE*264*0001~GE*1*128789446~IEA*1*128789446~
