ISA*00*          *00*          *ZZ*330897513      *ZZ*ASSOCIATEDBC   *130125*0008*U*00401*128728497*0*P*:~GS*HP*330897513*ASSOCIATEDBC*20130125*0008*128728497*X*004010X091A1~ST*835*0001~BPR*H*0*C*NON************20130123~TRN*1*0015021086*1220999690*8352013012323550560~REF*EV*1902991391~DTM*405*20130123~N1*PR*HORIZON BCBSNJ~N3*PAYOR ADDRESS 1~N4*NEWARK*NJ*071010420~REF*2U*22099~N1*PE*M M WIESE WAIBEL LCSW*XX*1902991391~N3*800 RARITAN RD~N4*CLARK*NJ*070661710~REF*PQ*2621359190~REF*TJ*262135919~LX*1~CLP*MKGAN3670307*4*125*0**12*780261301888709   00**1~NM1*QC*1*FRANCIS*TIFFANY****MI*MKGAN3670307~NM1*82*2*M M WIESE WAIBEL LCSW*****XX*1902991391~DTM*050*20130118~DTM*232*20130114~DTM*233*20130114~SVC*HC:99199*125*0**1*HC:90834~DTM*472*20130114~CAS*OA*204*125~REF*6R*722MKGAN3670307~REF*HPI*1902991391~LQ*HE*M51~CLP*BLM88988917*4*125*0**12*780271301817000   00**1~NM1*QC*1*STRYKER*MELISSA****MI*BLM88988917~NM1*IL*1*MARTA*THOMAS*J***MI*BLM88988917~NM1*82*2*M M WIESE WAIBEL LCSW*****XX*1902991391~DTM*050*20130118~DTM*232*20130114~DTM*233*20130114~SVC*HC:99199*125*0**1*HC:90834~DTM*472*20130114~CAS*OA*204*125~REF*6R*772BLM88988917~REF*HPI*1902991391~LQ*HE*M51~SE*41*0001~GE*1*128728497~IEA*1*128728497~
