ISA*00*          *00*          *ZZ*330897513      *ZZ*ASSOCIATEDBC   *130128*1925*U*00401*129007647*0*P*:~GS*HP*330897513*ASSOCIATEDBC*20130128*1925*129007647*X*004010X091A1~ST*835*0001~BPR*I*36.39*C*ACH*CCP*01*031100225*DA*2079950064280/*1220999690**01*231372691*DA*0181143836*20130126~TRN*1*0003030883*1220999690*8352013012709210742~REF*EV*1902991391~DTM*405*20130126~N1*PR*HORIZON BCBSNJ~N3*PAYOR ADDRESS 1~N4*NEWARK*NJ*071010420~REF*2U*22099~N1*PE*M M WIESE WAIBEL LCSW*XX*1902991391~N3*800 RARITAN RD~N4*CLARK*NJ*070661710~REF*PQ*2621359190~REF*TJ*262135919~LX*1~CLP*143342949A*2*125*16.39*10*13*780271302514448   00**1~NM1*QC*1*COSQUER*DOLORES****MI*3HZN22671350~NM1*82*2*M M WIESE WAIBEL LCSW*****XX*1902991391~DTM*050*20130124~DTM*232*20121212~DTM*233*20121212~PER*CX*NJ DIRECT*TE*8006241110~AMT*AU*65.97~AMT*T2*16.39~SVC*HC:90806*125*16.39**1~DTM*472*20121212~CAS*PR*3*10~CAS*OA*23*98.61~REF*6R*LX01~REF*HPI*1902991391~AMT*B6*65.97~CLP*151662088 A*2*125*20*6.39*13*780271302538525   00**1~NM1*QC*1*CICALESE*KRISTA*A***MI*3HZN98001790~NM1*82*2*M M WIESE WAIBEL LCSW*****XX*1902991391~DTM*050*20130124~DTM*232*20121211~DTM*233*20121211~PER*CX*NATIONAL ACCOUNTS POS*TE*8006244758~AMT*AU*60~AMT*T2*20~SVC*HC:90806*125*20**1~DTM*472*20121211~CAS*PR*3*40**204*-33.61~CAS*OA*23*98.61~REF*6R*LX01~REF*HPI*1902991391~AMT*B6*60~SE*48*0001~GE*1*129007647~IEA*1*129007647~
