ISA*00*          *00*          *ZZ*330897513      *ZZ*ASSOCIATEDBC   *130131*0744*U*00401*129314794*0*P*:~GS*HP*330897513*ASSOCIATEDBC*20130131*0744*129314794*X*004010X091A1~ST*835*0001~BPR*H*0*C*NON************20130130~TRN*1*012355003*1216000928~REF*EV*9904204~DTM*405*20130125~N1*PR*NEW JERSEY MEDICAID~N3*3705 QUAKERBRIDGE ROAD, SUITE 101~N4*TRENTON*NJ*086191288~PER*CX*NEW JERSEY MEDICAID PROVIDER SERVICES*TE*8007766334~N1*PE*WAY          KAREN      GPHD*XX*1477603942~REF*PQ*0225177~REF*TJ*008388097~LX*1~CLP*156560448A*2*130*0**MC*201302221711901-133203060670*11*1~NM1*QC*1*FRAMPTON*STEPHEN****MR*152030463701~REF*EA*0812353151590~DTM*232*20121130~DTM*233*20121130~SVC*HC:90801*130*0**1**0~DTM*472*20121130~CAS*CO*45*130~REF*6R*LX#01~LQ*HE*M57~LQ*HE*MA80~LQ*HE*M86~SE*26*0001~GE*1*129314794~IEA*1*129314794~
