ISA*00*          *00*          *ZZ*330897513      *ZZ*ASSOCIATEDBC   *130131*2341*U*00401*129437408*0*P*:~GS*HP*330897513*ASSOCIATEDBC*20130131*2341*129437408*X*004010X091A1~ST*835*0001~BPR*I*177*C*ACH*CCP*01*031100225*DA*2079950064280/*1220999690**01*231372691*DA*0181143836*20130129~TRN*1*0003038628*1220999690*8352013013000400784~REF*EV*1902991391~DTM*405*20130129~N1*PR*HORIZON BCBSNJ~N3*PAYOR ADDRESS 1~N4*NEWARK*NJ*071010420~REF*2U*22099~N1*PE*M M WIESE WAIBEL LCSW*XX*1902991391~N3*800 RARITAN RD~N4*CLARK*NJ*070661710~REF*PQ*2621359190~REF*TJ*262135919~LX*1~CLP*658193508*4*250*0**12*780261301888708   00**1~NM1*QC*1*KARDOS*LISA****MI*SKQAN4254520~NM1*82*2*M M WIESE WAIBEL LCSW*****XX*1902991391~DTM*050*20130118~DTM*232*20130104~DTM*233*20130104~SVC*HC:99199*250*0**1*HC:90791~DTM*472*20130104~CAS*OA*204*250~REF*6R*732658193508~REF*HPI*1902991391~LQ*HE*M51~CLP*3HZN04606950*1*125*10*50*13*780271301814787   00**1~NM1*QC*1*GEARDINO*CATHLIN*V***MI*YHM3HZN04606950~NM1*IL*1*GEARDINO*THEODORE****MI*3HZN046069500~NM1*82*2*M M WIESE WAIBEL LCSW*****XX*1902991391~DTM*050*20130118~DTM*232*20130103~DTM*233*20130103~PER*CX*HORIZON BLUE CROSS BLUE SHIELD OF NEW JERSEY DIRECT ACCESS*TE*8006241110~AMT*AU*60~AMT*T2*10~SVC*HC:99199*125*10**1*HC:90834~DTM*472*20130103~CAS*PR*3*50~CAS*CO*45*65~REF*6R*7273HZN04606950~REF*HPI*1902991391~AMT*B6*60~CLP*3HZN74465430*1*125*59*10*12*780271301804363   00**1~NM1*QC*1*DOHERTY*MARCELLE*N***MI*YHB3HZN74465430~NM1*IL*1*DOHERTY*DANIEL****MI*3HZN744654300~NM1*74*1*DOHERTY*DANIEL*J***C*3HZN744654300~NM1*82*2*M M WIESE WAIBEL LCSW*****XX*1902991391~DTM*050*20130118~DTM*232*20130104~DTM*233*20130104~PER*CX*NATIONAL ACCOUNTS SERVICED IN MT.LAUREL*TE*8006244758~AMT*AU*69~AMT*T2*59~SVC*HC:99199*125*59**1*HC:90834~DTM*472*20130104~CAS*PR*3*10~CAS*CO*45*56~REF*6R*7153HZN74465430~REF*HPI*1902991391~AMT*B6*69~CLP*3HZN56316950*1*250*108*30*12*780271301814774   00**1~NM1*QC*1*DUFFY*JULIE****MI*3HZN563169500~NM1*74*1*DUFFY*JULIE*A***C*YHB3HZN56316950~NM1*82*2*M M WIESE WAIBEL LCSW*****XX*1902991391~DTM*050*20130118~DTM*232*20130104~DTM*233*20130111~PER*CX*NATIONAL ACCOUNTS SERVICED IN MT.LAUREL*TE*8006244758~AMT*AU*138~AMT*T2*108~SVC*HC:99199*125*54**1*HC:90834~DTM*472*20130104~CAS*PR*3*15~CAS*CO*45*56~REF*6R*7163HZN56316950~REF*HPI*1902991391~AMT*B6*69~SVC*HC:99199*125*54**1*HC:90834~DTM*472*20130111~CAS*PR*3*15~CAS*CO*45*56~REF*6R*7173HZN56316950~REF*HPI*1902991391~AMT*B6*69~SE*87*0001~GE*1*129437408~IEA*1*129437408~
