ISA*00*          *00*          *ZZ*330897513      *ZZ*ASSOCIATEDBC   *130204*1924*U*00401*129740117*0*P*:~GS*HP*330897513*ASSOCIATEDBC*20130204*1924*129740117*X*004010X091A1~ST*835*0001~BPR*I*240*C*CHK******1043270923******20130204~TRN*1*001595520*1043270923~REF*EV*SL0002~REF*F2*3000-001~DTM*405*20130201~N1*PR*TUFTS BENEFIT ADMINISTRATORS INC.~N3*PO BOX 9185~N4*WATERTOWN*MA*024719185~REF*2U*04298~PER*CX*EDI OPERATIONS*TE*8888808699*EX*4042~N1*PE*GULLA JAMES P. LCMHC*XX*1922200658~LX*1~CLP*662713245*1*300*240*60*12*3031B4UQ~NM1*QC*1*WYMAN*ARTHUR****MI*776987405   02~SVC*HC:90834*100*80**1~DTM*472*20130109~CAS*PR*2*20~REF*6R*804662713245~AMT*B6*100~SVC*HC:90834*100*80**1~DTM*472*20130116~CAS*PR*2*20~REF*6R*805662713245~AMT*B6*100~SVC*HC:90834*100*80**1~DTM*472*20130123~CAS*PR*2*20~REF*6R*806662713245~AMT*B6*100~SE*31*0001~GE*1*129740117~IEA*1*129740117~
