ISA*00*          *00*          *ZZ*330897513      *ZZ*ASSOCIATEDBC   *130207*1837*U*00401*130169552*0*P*:~GS*HP*330897513*ASSOCIATEDBC*20130207*1837*130169552*X*004010X091A1~ST*835*0001~BPR*H*0*C*NON************20130206~TRN*1*012365524*1216000928~REF*EV*9904204~DTM*405*20130201~N1*PR*NEW JERSEY MEDICAID~N3*3705 QUAKERBRIDGE ROAD, SUITE 101~N4*TRENTON*NJ*086191288~PER*CX*NEW JERSEY MEDICAID PROVIDER SERVICES*TE*8007766334~N1*PE*WAY          KAREN      GPHD*XX*1477603942~REF*PQ*0225177~REF*TJ*008388097~LX*1~CLP*156560448A*2*130*0**MC*201302823023901-03060670*11*1~NM1*QC*1*FRAMPTON*STEPHEN****MR*152030463701~REF*EA*0812361045130~DTM*232*20121207~DTM*233*20121207~SVC*HC:90806*130*0**1**0~DTM*472*20121207~CAS*CO*45*130~REF*6R*LX#01~LQ*HE*MA80~LQ*HE*M86~CLP*135742336 A*2*130*0**MC*201302825086101-0670*11*1~NM1*QC*1*HAMMOND*NORMAN****MR*122081285101~REF*EA*0812361045150~DTM*232*20121211~DTM*233*20121211~SVC*HC:90806*130*0**1**0~DTM*472*20121211~CAS*CO*45*130~REF*6R*LX#01~LQ*HE*M86~SE*35*0001~GE*1*130169552~IEA*1*130169552~
