ISA*00*          *00*          *ZZ*330897513      *ZZ*ASSOCIATEDBC   *130211*1659*U*00401*130473373*0*P*:~GS*HP*330897513*ASSOCIATEDBC*20130211*1659*130473373*X*004010X091A1~ST*835*0001~BPR*H*0*C*NON************20130208~TRN*1*0015062156*1220999690*8352013020901470733~REF*EV*1902991391~DTM*405*20130208~N1*PR*HORIZON BCBSNJ~N3*PAYOR ADDRESS 1~N4*NEWARK*NJ*071010420~REF*2U*22099~N1*PE*M M WIESE WAIBEL LCSW*XX*1902991391~N3*800 RARITAN RD~N4*CLARK*NJ*070661710~REF*PQ*2621359190~REF*TJ*262135919~LX*1~CLP*3HZN74465430*4*125*0**12*780271303780513   00**1~NM1*QC*1*DOHERTY*MARCELLE*N***MI*YHB3HZN74465430~NM1*IL*1*DOHERTY*DANIEL****MI*3HZN744654300~NM1*74*1*DOHERTY*DANIEL*J***C*3HZN744654300~NM1*82*2*M M WIESE WAIBEL LCSW*****XX*1902991391~DTM*050*20130204~DTM*232*20130104~DTM*233*20130104~PER*CX*NATIONAL ACCOUNTS SERVICED IN MT.LAUREL*TE*8006244758~SVC*HC:99199*125*0**1*HC:90834~DTM*472*20130104~CAS*OA*18*125~REF*6R*000001~REF*HPI*1902991391~SE*30*0001~ST*835*0002~BPR*I*98*C*CHK************20130208~TRN*1*151907049*1220999690*22099~DTM*405*20130208~N1*PR*HORIZON BCBSNJ~N3*3 PENN PLAZA~N4*NEWARK*NJ*071010420~REF*2U*22099~PER*CX**TE*8883349242~N1*PE*M M WIESE WAIBEL LCSW*XX*1902991391~N3*800 RARITAN ROAD~N4*CLARK*NJ*070661710~REF*TJ*262135919~LX*1~CLP*R58551940*1*125*49*20*12*27130180435800780*11*1~NM1*QC*1*LIHOU*MARY****MI*R58551940~DTM*050*20130118~DTM*232*20130109~AMT*AU*69~SVC*HC:90834*125*49**1~DTM*472*20130109~CAS*PR*2*20~CAS*CO*45*56~REF*6R*740R58551940~AMT*B6*69~CLP*R58027107*1*125*49*20*12*27130181477300780*11*1~NM1*QC*1*MULLIGAN*CHERYL****MI*R58027107~NM1*IL*1*MULLIGAN*THOMAS****MI*R58027107~DTM*050*20130118~DTM*232*20130102~AMT*AU*69~SVC*HC:90834*125*49**1~DTM*472*20130102~CAS*PR*2*20~CAS*CO*45*56~REF*6R*754R58027107~AMT*B6*69~SE*38*0002~GE*2*130473373~IEA*1*130473373~
