ISA*00*          *00*          *ZZ*330897513      *ZZ*ASSOCIATEDBC   *130215*0054*U*00401*130931860*0*P*:~GS*HP*330897513*ASSOCIATEDBC*20130215*0054*130931860*X*004010X091A1~ST*835*0001~BPR*I*423.4*C*ACH*CCP*01*031100225*DA*2079950064280/*1220999690**01*231372691*DA*0181143836*20130212~TRN*1*0003110887*1220999690*8352013021300190793~REF*EV*1902991391~DTM*405*20130212~N1*PR*HORIZON BCBSNJ~N3*PAYOR ADDRESS 1~N4*NEWARK*NJ*071010420~REF*2U*22099~N1*PE*M M WIESE WAIBEL LCSW*XX*1902991391~N3*800 RARITAN RD~N4*CLARK*NJ*070661710~REF*PQ*2621359190~REF*TJ*262135919~LX*1~CLP*3HZN61365540*1*250*50.4*21.6*13*780271301811101   00**1~NM1*QC*1*MARTIN*NIKITA****MI*3HZN613655400~NM1*74*1*MARTIN*NIKITA*T***C*JGO3HZN61365540~NM1*82*2*M M WIESE WAIBEL LCSW*****XX*1902991391~DTM*050*20130118~DTM*232*20130109~DTM*233*20130109~PER*CX*NATIONAL ACCOUNTS POS*TE*8006244758~AMT*AU*72~AMT*T2*50.4~SVC*HC:99199*250*50.4**1*HC:90791~DTM*472*20130109~CAS*PR*2*21.6~CAS*CO*45*178~REF*6R*7453HZN61365540~REF*HPI*1902991391~AMT*B6*72~CLP*3HZN74465430*1*125*59*10*12*780271303818122   00**1~NM1*QC*1*DOHERTY*MARCELLE*N***MI*YHB3HZN74465430~NM1*IL*1*DOHERTY*DANIEL****MI*3HZN744654300~NM1*74*1*DOHERTY*DANIEL*J***C*3HZN744654300~NM1*82*2*M M WIESE WAIBEL LCSW*****XX*1902991391~DTM*050*20130206~DTM*232*20130118~DTM*233*20130118~PER*CX*NATIONAL ACCOUNTS SERVICED IN MT.LAUREL*TE*8006244758~AMT*AU*69~AMT*T2*59~SVC*HC:99199*125*59**1*HC:90834~DTM*472*20130118~CAS*PR*3*10~CAS*CO*45*56~REF*6R*000001~REF*HPI*1902991391~AMT*B6*69~CLP*3HZN56316950*1*375*162*45*12*780271303820692   00**1~NM1*QC*1*DUFFY*JULIE****MI*3HZN563169500~NM1*74*1*DUFFY*JULIE*A***C*YHB3HZN56316950~NM1*82*2*M M WIESE WAIBEL LCSW*****XX*1902991391~DTM*050*20130206~DTM*232*20130118~DTM*233*20130125~PER*CX*NATIONAL ACCOUNTS SERVICED IN MT.LAUREL*TE*8006244758~AMT*AU*207~AMT*T2*162~SVC*HC:99199*125*54**1*HC:90834~DTM*472*20130118~CAS*PR*3*15~CAS*CO*45*56~REF*6R*000001~REF*HPI*1902991391~AMT*B6*69~SVC*HC:99199*125*54**1*HC:90834~DTM*472*20130122~CAS*PR*3*15~CAS*CO*45*56~REF*6R*000002~REF*HPI*1902991391~AMT*B6*69~SVC*HC:99199*125*54**1*HC:90834~DTM*472*20130125~CAS*PR*3*15~CAS*CO*45*56~REF*6R*000003~REF*HPI*1902991391~AMT*B6*69~CLP*3HZN14345840*1*125*54*15*12*780271303854210   00**1~NM1*QC*1*GREFFER*CHANTAL****MI*3HZN143458400~NM1*74*1*GREFFER*CHANTAL*M***C*YHB3HZN14345840~NM1*82*2*M M WIESE WAIBEL LCSW*****XX*1902991391~DTM*050*20130206~DTM*232*20130128~DTM*233*20130128~PER*CX*NATIONAL ACCOUNTS SERVICED IN MT.LAUREL*TE*8006244758~AMT*AU*69~AMT*T2*54~SVC*HC:99199*125*54**1*HC:90834~DTM*472*20130128~CAS*PR*3*15~CAS*CO*45*56~REF*6R*000001~REF*HPI*1902991391~AMT*B6*69~CLP*3HZN61685920*1*250*98*40*12*780271303851709   00**1~NM1*QC*1*TAMASHAUSKY*LINDA****MI*YHI3HZN61685920~NM1*82*2*M M WIESE WAIBEL LCSW*****XX*1902991391~DTM*050*20130206~DTM*232*20130116~DTM*233*20130130~PER*CX*NATIONAL ACCOUNTS SERVICED IN MT.LAUREL*TE*8006244758~AMT*AU*138~AMT*T2*98~SVC*HC:99199*125*49**1*HC:90834~DTM*472*20130116~CAS*PR*3*20~CAS*CO*45*56~REF*6R*000001~REF*HPI*1902991391~AMT*B6*69~SVC*HC:99199*125*49**1*HC:90834~DTM*472*20130130~CAS*PR*3*20~CAS*CO*45*56~REF*6R*000002~REF*HPI*1902991391~AMT*B6*69~SE*122*0001~ST*835*0002~BPR*I*135*C*ACH*CCP*01*031100225*DA*2079950064280/*1220999690**01*231372691*DA*0181143836*20130213~TRN*1*0003118239*1220999690*8352013021400290719~REF*EV*1902991391~DTM*405*20130213~N1*PR*HORIZON BCBSNJ~N3*PAYOR ADDRESS 1~N4*NEWARK*NJ*071010420~REF*2U*22099~N1*PE*M M WIESE WAIBEL LCSW*XX*1902991391~N3*800 RARITAN RD~N4*CLARK*NJ*070661710~REF*PQ*2621359190~REF*TJ*262135919~LX*1~CLP*3HZN27215180*22*-125*0**13*780271300847357   01**1~CAS*CR*96*125~CAS*CR*96*-125~NM1*QC*1*KELLETT KESSELMAN*MELISSA*J***MI*NJX3HZN27215180~NM1*IL*1*KESSELMAN*KEVIN****MI*3HZN272151800~NM1*74*1*KESSELMAN*KEVIN*A***C*3HZN272151800~NM1*82*2*M M WIESE WAIBEL LCSW*****XX*1902991391~MOA***MA69~DTM*050*20130211~DTM*232*20121218~DTM*233*20121218~PER*CX*NJ DIRECT*TE*8006241110~SVC*HC:90806*-125*0**1~DTM*472*20121218~CAS*CR*22*-125~REF*6R*4493HZN27215180~REF*HPI*1902991391~CLP*3HZN27215180*1*125*45*15*13*780271300847357   02**1~NM1*QC*1*KELLETT KESSELMAN*MELISSA*J***MI*NJX3HZN27215180~NM1*IL*1*KESSELMAN*KEVIN****MI*3HZN272151800~NM1*74*1*KESSELMAN*KEVIN*A***C*3HZN272151800~NM1*82*2*M M WIESE WAIBEL LCSW*****XX*1902991391~DTM*050*20130211~DTM*232*20121218~DTM*233*20121218~PER*CX*NJ DIRECT*TE*8006241110~AMT*AU*60~AMT*T2*45~SVC*HC:90806*125*45**1~DTM*472*20121218~CAS*PR*3*15~CAS*CO*45*65~REF*6R*4493HZN27215180~REF*HPI*1902991391~AMT*B6*60~CLP*3HZN27215180*22*-250*0**13*780271301817006   01**1~CAS*CR*96*250~CAS*CR*96*-250~NM1*QC*1*KELLETT KESSELMAN*MELISSA*J***MI*NJX3HZN27215180~NM1*IL*1*KESSELMAN*KEVIN****MI*3HZN272151800~NM1*74*1*KESSELMAN*KEVIN*A***C*3HZN272151800~NM1*82*2*M M WIESE WAIBEL LCSW*****XX*1902991391~MOA***MA69~DTM*050*20130211~DTM*232*20130108~DTM*233*20130115~PER*CX*NJ DIRECT*TE*8006241110~SVC*HC:99199*-125*0**1*HC:90834~DTM*472*20130108~CAS*CR*22*-125~REF*6R*7333HZN27215180~REF*HPI*1902991391~SVC*HC:99199*-125*0**1*HC:90834~DTM*472*20130115~CAS*CR*22*-125~REF*6R*7343HZN27215180~REF*HPI*1902991391~CLP*3HZN27215180*1*250*90*30*13*780271301817006   02**1~NM1*QC*1*KELLETT KESSELMAN*MELISSA*J***MI*NJX3HZN27215180~NM1*IL*1*KESSELMAN*KEVIN****MI*3HZN272151800~NM1*74*1*KESSELMAN*KEVIN*A***C*3HZN272151800~NM1*82*2*M M WIESE WAIBEL LCSW*****XX*1902991391~DTM*050*20130211~DTM*232*20130108~DTM*233*20130115~PER*CX*NJ DIRECT*TE*8006241110~AMT*AU*120~AMT*T2*90~SVC*HC:99199*125*45**1*HC:90834~DTM*472*20130108~CAS*PR*3*15~CAS*CO*45*65~REF*6R*7333HZN27215180~REF*HPI*1902991391~AMT*B6*60~SVC*HC:99199*125*45**1*HC:90834~DTM*472*20130115~CAS*PR*3*15~CAS*CO*45*65~REF*6R*7343HZN27215180~REF*HPI*1902991391~AMT*B6*60~SE*98*0002~GE*2*130931860~IEA*1*130931860~
