ISA*00*          *00*          *ZZ*330897513      *ZZ*ASSOCIATEDBC   *130218*1933*U*00401*131224451*0*P*:~GS*HP*330897513*ASSOCIATEDBC*20130218*1933*131224451*X*004010X091A1~ST*835*0001~BPR*I*280*C*ACH*CCP*01*031100225*DA*2079950064280/*1220999690**01*231372691*DA*0181143836*20130214~TRN*1*0003125126*1220999690*8352013021502220690~REF*EV*1902991391~DTM*405*20130214~N1*PR*HORIZON BCBSNJ~N3*PAYOR ADDRESS 1~N4*NEWARK*NJ*071010420~REF*2U*22099~N1*PE*M M WIESE WAIBEL LCSW*XX*1902991391~N3*800 RARITAN RD~N4*CLARK*NJ*070661710~REF*PQ*2621359190~REF*TJ*262135919~LX*1~CLP*3HZN01455580*1*125*20*40*13*780271303919686   00**1~NM1*QC*1*DIBIAGIO*CAROLINE*R***MI*3HZN01455580~NM1*IL*1*DIBIAGIO*MICHAEL*L***MI*3HZN014555800~NM1*82*2*M M WIESE WAIBEL LCSW*****XX*1902991391~DTM*050*20130206~DTM*232*20130130~DTM*233*20130130~AMT*AU*60~AMT*T2*20~SVC*HC:99199*125*20**1*HC:90834~DTM*472*20130130~CAS*PR*3*40~CAS*CO*45*65~REF*6R*000001~REF*HPI*1902991391~AMT*B6*60~CLP*3HZN04606950*1*125*10*50*13*780281303809182   00**1~NM1*QC*1*GEARDINO*CATHLIN*V***MI*3HZN04606950~NM1*IL*1*GEARDINO*THEODORE****MI*3HZN046069500~NM1*82*2*M M WIESE WAIBEL LCSW*****XX*1902991391~DTM*050*20130206~DTM*232*20130117~DTM*233*20130117~PER*CX*HORIZON BLUE CROSS BLUE SHIELD OF NEW JERSEY DIRECT ACCESS*TE*8006241110~AMT*AU*60~AMT*T2*10~SVC*HC:99199*125*10**1*HC:90834~DTM*472*20130117~CAS*PR*3*50~CAS*CO*45*65~REF*6R*000001~REF*HPI*1902991391~AMT*B6*60~CLP*3HZN35374750*1*125*50*10*13*780261303889109   00**1~NM1*QC*1*PIZZELLI*MARIA****MI*3HZN35374750~NM1*82*2*M M WIESE WAIBEL LCSW*****XX*1902991391~DTM*050*20130206~DTM*232*20130124~DTM*233*20130124~PER*CX*HORIZON BLUE CROSS BLUE SHIELD OF NEW JERSEY DIRECT ACCESS*TE*8006241110~AMT*AU*60~AMT*T2*50~SVC*HC:99199*125*50**1*HC:90834~DTM*472*20130124~CAS*PR*3*10~CAS*CO*45*65~REF*6R*000001~REF*HPI*1902991391~AMT*B6*60~CLP*3HZN03939260*1*250*90*30*13*780261303889107   00**1~NM1*QC*1*SOMERS*ELAINE****MI*3HZN03939260~NM1*IL*1*SOMERS*ROBERT****MI*3HZN039392600~NM1*82*2*M M WIESE WAIBEL LCSW*****XX*1902991391~DTM*050*20130206~DTM*232*20130118~DTM*233*20130125~PER*CX*HORIZON BLUE CROSS BLUE SHIELD OF NEW JERSEY DIRECT ACCESS*TE*8006241110~AMT*AU*120~AMT*T2*90~SVC*HC:99199*125*45**1*HC:90834~DTM*472*20130118~CAS*PR*3*15~CAS*CO*45*65~REF*6R*000001~REF*HPI*1902991391~AMT*B6*60~SVC*HC:99199*125*45**1*HC:90834~DTM*472*20130125~CAS*PR*3*15~CAS*CO*45*65~REF*6R*000002~REF*HPI*1902991391~AMT*B6*60~CLP*3HZN78707750*1*250*20*100*13*780271303852271   00**1~NM1*QC*1*LANIGAN*JONATHAN****MI*HAA3HZN78707750~NM1*IL*1*LANIGAN*DIANE****MI*3HZN787077500~NM1*74*1*LANIGAN*DIANE*M***C*3HZN787077500~NM1*82*2*M M WIESE WAIBEL LCSW*****XX*1902991391~DTM*050*20130206~DTM*232*20130118~DTM*233*20130125~PER*CX*NATIONAL ACCOUNTS POS*TE*8006244758~AMT*AU*120~AMT*T2*20~SVC*HC:99199*125*10**1*HC:90834~DTM*472*20130118~CAS*PR*3*50~CAS*CO*45*65~REF*6R*000001~REF*HPI*1902991391~AMT*B6*60~SVC*HC:99199*125*10**1*HC:90834~DTM*472*20130125~CAS*PR*3*50~CAS*CO*45*65~REF*6R*000002~REF*HPI*1902991391~AMT*B6*60~CLP*3HZN69937170*1*250*70*50*13*780271303919685   00**1~NM1*QC*1*ORSINI*SUSAN*J***MI*3HZN69937170~NM1*IL*1*ORSINI*NICHOLAS*R***MI*3HZN699371700~NM1*82*2*M M WIESE WAIBEL LCSW*****XX*1902991391~DTM*050*20130206~DTM*232*20130116~DTM*233*20130130~PER*CX*NATIONAL ACCOUNTS POS*TE*8006244758~AMT*AU*120~AMT*T2*70~SVC*HC:99199*125*35**1*HC:90834~DTM*472*20130116~CAS*PR*3*25~CAS*CO*45*65~REF*6R*000001~REF*HPI*1902991391~AMT*B6*60~SVC*HC:99199*125*35**1*HC:90834~DTM*472*20130130~CAS*PR*3*25~CAS*CO*45*65~REF*6R*000002~REF*HPI*1902991391~AMT*B6*60~CLP*3HZN89299890*1*125*20*40*13*780261303888856   00**1~NM1*QC*1*SHAH*ROSEMARIE****MI*3HZN89299890~NM1*IL*1*SHAH*HASMUKH*R***MI*3HZN892998900~NM1*82*2*M M WIESE WAIBEL LCSW*****XX*1902991391~DTM*050*20130206~DTM*232*20130123~DTM*233*20130123~PER*CX*NATIONAL ACCOUNTS POS*TE*8006244758~AMT*AU*60~AMT*T2*20~SVC*HC:99199*125*20**1*HC:90834~DTM*472*20130123~CAS*PR*3*40~CAS*CO*45*65~REF*6R*000001~REF*HPI*1902991391~AMT*B6*60~SE*155*0001~ST*835*0002~BPR*I*399*C*ACH*CCP*01*031100225*DA*2079950064280/*1220999690**01*231372691*DA*0181143836*20130215~TRN*1*0003132617*1220999690*8352013021711310772~REF*EV*1902991391~DTM*405*20130215~N1*PR*HORIZON BCBSNJ~N3*PAYOR ADDRESS 1~N4*NEWARK*NJ*071010420~REF*2U*22099~N1*PE*M M WIESE WAIBEL LCSW*XX*1902991391~N3*800 RARITAN RD~N4*CLARK*NJ*070661710~REF*PQ*2621359190~REF*TJ*262135919~LX*1~CLP*3HZN55672980*1*125*54*6*13*780261303987901   00**1~NM1*QC*1*BAKER DRUMMOND*ANASTACIA****MI*3HZN55672980~NM1*IL*1*DRUMMOND*BERESFORD****MI*3HZN556729800~NM1*82*2*M M WIESE WAIBEL LCSW*****XX*1902991391~DTM*050*20130206~DTM*232*20130124~DTM*233*20130124~PER*CX*NJ DIRECT*TE*8006241110~AMT*AU*60~AMT*T2*54~SVC*HC:99199*125*54**1*HC:90834~DTM*472*20130124~CAS*PR*2*6~CAS*CO*45*65~REF*6R*000001~REF*HPI*1902991391~AMT*B6*60~CLP*3HZN71563020*1*250*100*20*13*780261303987844   00**1~NM1*QC*1*BONILLA*NANCY****MI*3HZN71563020~NM1*82*2*M M WIESE WAIBEL LCSW*****XX*1902991391~DTM*050*20130206~DTM*232*20130122~DTM*233*20130129~PER*CX*NJ DIRECT*TE*8006241110~AMT*AU*120~AMT*T2*100~SVC*HC:99199*125*50**1*HC:90834~DTM*472*20130122~CAS*PR*3*10~CAS*CO*45*65~REF*6R*000001~REF*HPI*1902991391~AMT*B6*60~SVC*HC:99199*125*50**1*HC:90834~DTM*472*20130129~CAS*PR*3*10~CAS*CO*45*65~REF*6R*000002~REF*HPI*1902991391~AMT*B6*60~CLP*3HZN85261690*1*250*90*30*13*780261303987558   00**1~NM1*QC*1*CORNWELL*ELIZABETH*H***MI*3HZN85261690~NM1*82*2*M M WIESE WAIBEL LCSW*****XX*1902991391~DTM*050*20130206~DTM*232*20130121~DTM*233*20130128~PER*CX*NJ DIRECT*TE*8006241110~AMT*AU*120~AMT*T2*90~SVC*HC:99199*125*45**1*HC:90834~DTM*472*20130121~CAS*PR*3*15~CAS*CO*45*65~REF*6R*000001~REF*HPI*1902991391~AMT*B6*60~SVC*HC:99199*125*45**1*HC:90834~DTM*472*20130128~CAS*PR*3*15~CAS*CO*45*65~REF*6R*000002~REF*HPI*1902991391~AMT*B6*60~CLP*3HZN27215180*1*62.5*20*15*13*780261303987554   00**1~NM1*QC*1*KELLETT KESSELMAN*MELISSA*J***MI*3HZN27215180~NM1*IL*1*KESSELMAN*KEVIN*A***MI*3HZN272151800~NM1*82*2*M M WIESE WAIBEL LCSW*****XX*1902991391~DTM*050*20130206~DTM*232*20130129~DTM*233*20130129~PER*CX*NJ DIRECT*TE*8006241110~AMT*AU*35~AMT*T2*20~SVC*HC:99199*62.5*20**1*HC:90832~DTM*472*20130129~CAS*PR*3*15~CAS*CO*45*27.5~REF*6R*000001~REF*HPI*1902991391~AMT*B6*35~CLP*3HZN36191530*1*250*90*30*13*780261303987551   00**1~NM1*QC*1*LENAHAN*MEAGHAN*M***MI*3HZN36191530~NM1*82*2*M M WIESE WAIBEL LCSW*****XX*1902991391~DTM*050*20130206~DTM*232*20130117~DTM*233*20130124~PER*CX*NJ DIRECT*TE*8006241110~AMT*AU*120~AMT*T2*90~SVC*HC:99199*125*45**1*HC:90834~DTM*472*20130117~CAS*PR*3*15~CAS*CO*45*65~REF*6R*000001~REF*HPI*1902991391~AMT*B6*60~SVC*HC:99199*125*45**1*HC:90834~DTM*472*20130124~CAS*PR*3*15~CAS*CO*45*65~REF*6R*000002~REF*HPI*1902991391~AMT*B6*60~CLP*3HZN15469020*1*125*45*15*13*780261303987508   00**1~NM1*QC*1*MONDI*NICHOL****MI*3HZN15469020~NM1*IL*1*MONDI*FREDERICK*B***MI*3HZN154690200~NM1*82*2*M M WIESE WAIBEL LCSW*****XX*1902991391~DTM*050*20130206~DTM*232*20130128~DTM*233*20130128~PER*CX*NJ DIRECT*TE*8006241110~AMT*AU*60~AMT*T2*45~SVC*HC:99199*125*45**1*HC:90834~DTM*472*20130128~CAS*PR*3*15~CAS*CO*45*65~REF*6R*000001~REF*HPI*1902991391~AMT*B6*60~SE*136*0002~GE*2*131224451~IEA*1*131224451~
