ISA*00*          *00*          *ZZ*330897513      *ZZ*ASSOCIATEDBC   *130219*2322*U*00401*131375399*0*P*:~GS*HP*330897513*ASSOCIATEDBC*20130219*2322*131375399*X*004010X091A1~ST*835*0001~BPR*I*98*C*CHK************20130215~TRN*1*152035060*1220999690*22099~DTM*405*20130215~N1*PR*HORIZON BCBSNJ~N3*3 PENN PLAZA~N4*NEWARK*NJ*071010420~REF*2U*22099~PER*CX**TE*8883349242~N1*PE*M M WIESE WAIBEL LCSW*XX*1902991391~N3*800 RARITAN ROAD~N4*CLARK*NJ*070661710~REF*TJ*262135919~LX*1~CLP*R58027107*1*250*98*40*12*26130384112700780*11*1~NM1*QC*1*MULLIGAN*CHERYL****MI*R58027107~NM1*IL*1*MULLIGAN*THOMAS****MI*R58027107~DTM*050*20130206~DTM*232*20130116~DTM*233*20130130~AMT*AU*138~SVC*HC:90834*125*49**1~DTM*472*20130116~CAS*PR*2*20~CAS*CO*45*56~REF*6R*000001~AMT*B6*69~SVC*HC:90834*125*49**1~DTM*472*20130130~CAS*PR*2*20~CAS*CO*45*56~REF*6R*000002~AMT*B6*69~SE*34*0001~GE*1*131375399~IEA*1*131375399~
