ISA*00*          *00*          *ZZ*330897513      *ZZ*ASSOCIATEDBC   *130220*1359*U*00401*131439727*0*P*:~GS*HP*330897513*ASSOCIATEDBC*20130220*1359*131439727*X*004010X091A1~ST*835*0001~BPR*H*0*C*NON************20130220~TRN*1*012386811*1216000928~REF*EV*9904204~DTM*405*20130215~N1*PR*NEW JERSEY MEDICAID~N3*3705 QUAKERBRIDGE ROAD, SUITE 101~N4*TRENTON*NJ*086191288~PER*CX*NEW JERSEY MEDICAID PROVIDER SERVICES*TE*8007766334~N1*PE*WAY          KAREN      GPHD*XX*1477603942~REF*PQ*0225177~REF*TJ*008388097~LX*1~CLP*026662235A*2*150*0**MC*201304221401601-13320670*11*1~NM1*QC*1*GRIMALDI*JENNIFER*J***MR*212080697401~REF*EA*0813008153250~DTM*232*20121217~DTM*233*20121217~SVC*HC:90806*150*0**1**0~DTM*472*20121217~CAS*CO*45*150~REF*6R*LX#01~LQ*HE*M57~LQ*HE*M86~CLP*135742336 A*2*130*0**MC*201304222701201-0670*11*1~NM1*QC*1*HAMMOND*NORMAN****MR*122081285101~REF*EA*0813008153240~DTM*232*20121218~DTM*233*20121218~SVC*HC:90806*130*0**1**0~DTM*472*20121218~CAS*CO*45*130~REF*6R*LX#01~LQ*HE*M86~CLP*135405190 A*2*130*0**MC*201304221401701-0670*11*1~NM1*QC*1*ZABOROWSKI*RAYMOND*T***MR*122077125801~REF*EA*0813008153210~DTM*232*20121219~DTM*233*20121219~SVC*HC:90806*130*0**1**0~DTM*472*20121219~CAS*CO*45*130~REF*6R*LX#01~LQ*HE*M86~CLP*137640510 A*2*130*0**MC*201304221401801-13320670*11*1~NM1*QC*1*SANCHEZ*ARAENA****MR*182000374401~REF*EA*0813008153220~DTM*232*20121227~DTM*233*20121227~SVC*HC:90806*130*0**1**0~DTM*472*20121227~CAS*CO*45*130~REF*6R*LX#01~LQ*HE*M57~LQ*HE*M86~SE*56*0001~GE*1*131439727~IEA*1*131439727~
