ISA*00*          *00*          *ZZ*330897513      *ZZ*ASSOCIATEDBC   *130221*1911*U*00401*131624804*0*P*:~GS*HP*330897513*ASSOCIATEDBC*20130221*1911*131624804*X*004010X091A1~ST*835*0001~BPR*H*0*C*NON************20130219~TRN*1*0015085548*1220999690*8352013022000370744~REF*EV*1902991391~DTM*405*20130219~N1*PR*HORIZON BCBSNJ~N3*PAYOR ADDRESS 1~N4*NEWARK*NJ*071010420~REF*2U*22099~N1*PE*M M WIESE WAIBEL LCSW*XX*1902991391~N3*800 RARITAN RD~N4*CLARK*NJ*070661710~REF*PQ*2621359190~REF*TJ*262135919~LX*1~CLP*DZVAN4492387*4*125*0**12*780271301817002   00**1~NM1*QC*1*PRIBUSH*KATHLEEN****MI*DZVAN4492387~NM1*IL*1*PRIBUSH*JEFF****MI*DZVAN4492387~NM1*82*2*M M WIESE WAIBEL LCSW*****XX*1902991391~DTM*050*20130118~DTM*232*20130109~DTM*233*20130109~SVC*HC:99199*125*0**1*HC:90834~DTM*472*20130109~CAS*OA*204*125~REF*6R*761DZVAN4492387~REF*HPI*1902991391~LQ*HE*M51~CLP*658193533*4*125*0**12*780261301888703   00**1~NM1*QC*1*RABADEAU*KATHLEEN****MI*DZVAN4490966~NM1*82*2*M M WIESE WAIBEL LCSW*****XX*1902991391~DTM*050*20130118~DTM*232*20130115~DTM*233*20130115~SVC*HC:99199*125*0**1*HC:90834~DTM*472*20130115~CAS*OA*204*125~REF*6R*762658193533~REF*HPI*1902991391~LQ*HE*M51~SE*41*0001~GE*1*131624804~IEA*1*131624804~
