ISA*00*          *00*          *ZZ*330897513      *ZZ*ASSOCIATEDBC   *130225*1822*U*00401*131937946*0*P*:~GS*HP*330897513*ASSOCIATEDBC*20130225*1822*131937946*X*004010X091A1~ST*835*0001~BPR*I*54.63*C*ACH*CCP*01*031100225*DA*2079950064280/*1220999690**01*231372691*DA*0181143836*20130221~TRN*1*0003160708*1220999690*8352013022200180684~REF*EV*1902991391~DTM*405*20130221~N1*PR*HORIZON BCBSNJ~N3*PAYOR ADDRESS 1~N4*NEWARK*NJ*071010420~REF*2U*22099~N1*PE*M M WIESE WAIBEL LCSW*XX*1902991391~N3*800 RARITAN RD~N4*CLARK*NJ*070661710~REF*PQ*2621359190~REF*TJ*262135919~LX*1~CLP*143342949A*2*125*54.63*10*13*780261305063276   00**1~NM1*QC*1*COSQUER*DOLORES****MI*3HZN22671350~NM1*82*2*M M WIESE WAIBEL LCSW*****XX*1902991391~DTM*050*20130219~DTM*232*20130102~DTM*233*20130102~PER*CX*NJ DIRECT*TE*8006241110~AMT*AU*64.63~AMT*T2*54.63~SVC*HC:99199*125*54.63**1*HC:90834~DTM*472*20130102~CAS*PR*3*10~CAS*CO*45*60.37~REF*6R*LX#01~REF*HPI*1902991391~AMT*B6*64.63~SE*32*0001~ST*835*0002~BPR*I*288*C*ACH*CCP*01*031100225*DA*2079950064280/*1220999690**01*231372691*DA*0181143836*20130222~TRN*1*0003167784*1220999690*8352013022304190717~REF*EV*1902991391~DTM*405*20130222~N1*PR*HORIZON BCBSNJ~N3*PAYOR ADDRESS 1~N4*NEWARK*NJ*071010420~REF*2U*22099~N1*PE*M M WIESE WAIBEL LCSW*XX*1902991391~N3*800 RARITAN RD~N4*CLARK*NJ*070661710~REF*PQ*2621359190~REF*TJ*262135919~LX*1~CLP*658193508*22*-250*0**12*780261301888708   01**1~NM1*QC*1*KARDOS*LISA****MI*SKQAN4254520~NM1*82*2*M M WIESE WAIBEL LCSW*****XX*1902991391~DTM*050*20130214~DTM*232*20130104~DTM*233*20130104~SVC*HC:99199*-250*0**1*HC:90791~DTM*472*20130104~CAS*CR*204*-250~REF*6R*732658193508~REF*HPI*1902991391~CLP*658193508*1*250*53*25*12*780261301888708   02**1~NM1*QC*1*KARDOS*LISA****MI*SKQAN4254520~NM1*82*2*M M WIESE WAIBEL LCSW*****XX*1902991391~DTM*050*20130214~DTM*232*20130104~DTM*233*20130104~AMT*AU*78~AMT*T2*53~SVC*HC:99199*250*53**1*HC:90791~DTM*472*20130104~CAS*PR*3*25~CAS*CO*45*172~REF*6R*732658193508~REF*HPI*1902991391~AMT*B6*78~CLP*ROQ5052733500*22*-125*0**12*780261301888707   01**1~NM1*QC*1*KOVATCH*LISA****MI*ROQ5052733500~NM1*82*2*M M WIESE WAIBEL LCSW*****XX*1902991391~DTM*050*20130214~DTM*232*20130102~DTM*233*20130102~SVC*HC:99199*-125*0**1*HC:90834~DTM*472*20130102~CAS*CR*204*-125~REF*6R*735ROQ5052733500~REF*HPI*1902991391~CLP*ROQ5052733500*1*125*44*25*12*780261301888707   02**1~NM1*QC*1*KOVATCH*LISA****MI*ROQ5052733500~NM1*82*2*M M WIESE WAIBEL LCSW*****XX*1902991391~DTM*050*20130214~DTM*232*20130102~DTM*233*20130102~AMT*AU*69~AMT*T2*44~SVC*HC:99199*125*44**1*HC:90834~DTM*472*20130102~CAS*PR*3*25~CAS*CO*45*56~REF*6R*735ROQ5052733500~REF*HPI*1902991391~AMT*B6*69~CLP*3HZN25694350*1*250*73*5*12*780261305217042   00**1~NM1*QC*1*KELLY*EDWARD****MI*NJT3HZN25694350~NM1*IL*1*KELLY*KAREN****MI*3HZN256943500~NM1*82*2*M M WIESE WAIBEL LCSW*****XX*1902991391~DTM*050*20130220~DTM*232*20130201~DTM*233*20130201~PER*CX*NATIONAL ACCOUNTS PPO*TE*8006244758~AMT*AU*78~AMT*T2*73~SVC*HC:99199*250*73**1*HC:90791~DTM*472*20130201~CAS*PR*3*5~CAS*CO*45*172~REF*6R*6133HZN25694350~REF*HPI*1902991391~AMT*B6*78~CLP*3HZN74465430*1*250*118*20*12*780261305181942   00**1~NM1*QC*1*DOHERTY*MARCELLE*N***MI*YHB3HZN74465430~NM1*IL*1*DOHERTY*DANIEL****MI*3HZN744654300~NM1*74*1*DOHERTY*DANIEL*J***C*3HZN744654300~NM1*82*2*M M WIESE WAIBEL LCSW*****XX*1902991391~DTM*050*20130220~DTM*232*20130204~DTM*233*20130214~PER*CX*NATIONAL ACCOUNTS SERVICED IN MT.LAUREL*TE*8006244758~AMT*AU*138~AMT*T2*118~SVC*HC:99199*125*59**1*HC:90834~DTM*472*20130204~CAS*PR*3*10~CAS*CO*45*56~REF*6R*5963HZN74465430~REF*HPI*1902991391~AMT*B6*69~SVC*HC:99199*125*59**1*HC:90834~DTM*472*20130214~CAS*PR*3*10~CAS*CO*45*56~REF*6R*5973HZN74465430~REF*HPI*1902991391~AMT*B6*69~SE*110*0002~ST*835*0003~BPR*I*720*C*ACH*CCP*01*031100225*DA*2079950064280/*1220999690**01*231372691*DA*0181143836*20130223~TRN*1*0003175053*1220999690*8352013022417050736~REF*EV*1902991391~DTM*405*20130223~N1*PR*HORIZON BCBSNJ~N3*PAYOR ADDRESS 1~N4*NEWARK*NJ*071010420~REF*2U*22099~N1*PE*M M WIESE WAIBEL LCSW*XX*1902991391~N3*800 RARITAN RD~N4*CLARK*NJ*070661710~REF*PQ*2621359190~REF*TJ*262135919~LX*1~CLP*DATANOTSUPPLIED*1*125*44*25*12*780281305148874   00**1~NM1*QC*1*KARDOS*LISA****MI*SKQAN4254520~NM1*82*2*M M WIESE WAIBEL LCSW*****XX*1902991391~DTM*050*20130219~DTM*232*20130118~DTM*233*20130118~AMT*AU*69~AMT*T2*44~SVC*HC:99199*125*44**1*HC:90834~DTM*472*20130118~CAS*PR*3*25~CAS*CO*45*56~REF*6R*000001~REF*HPI*1902991391~AMT*B6*69~CLP*DZVAN4492387*1*375*147*60*12*780281305148872   00**1~NM1*QC*1*PRIBUSH*KATHLEEN****MI*DZVAN4492387~NM1*IL*1*PRIBUSH*JEFF****MI*DZVAN4492387~NM1*82*2*M M WIESE WAIBEL LCSW*****XX*1902991391~DTM*050*20130219~DTM*232*20130116~DTM*233*20130130~AMT*AU*207~AMT*T2*147~SVC*HC:99199*125*49**1*HC:90834~DTM*472*20130116~CAS*PR*3*20~CAS*CO*45*56~REF*6R*000001~REF*HPI*1902991391~AMT*B6*69~SVC*HC:99199*125*49**1*HC:90834~DTM*472*20130123~CAS*PR*3*20~CAS*CO*45*56~REF*6R*000002~REF*HPI*1902991391~AMT*B6*69~SVC*HC:99199*125*49**1*HC:90834~DTM*472*20130130~CAS*PR*3*20~CAS*CO*45*56~REF*6R*000003~REF*HPI*1902991391~AMT*B6*69~CLP*DATANOTSUPPLIED*1*125*49*20*12*780281305145858   00**1~NM1*QC*1*RABADEAU*KATHLEEN****MI*DZVAN4490966~NM1*82*2*M M WIESE WAIBEL LCSW*****XX*1902991391~DTM*050*20130219~DTM*232*20130129~DTM*233*20130129~AMT*AU*69~AMT*T2*49~SVC*HC:99199*125*49**1*HC:90834~DTM*472*20130129~CAS*PR*3*20~CAS*CO*45*56~REF*6R*000001~REF*HPI*1902991391~AMT*B6*69~CLP*BLM88988917*1*250*88*50*12*780281305150609   00**1~NM1*QC*1*STRYKER*MEUSSA****MI*BLM88988917~NM1*IL*1*MARTA*THOMAS*J***MI*BLM88988917~NM1*82*2*M M WIESE WAIBEL LCSW*****XX*1902991391~DTM*050*20130219~DTM*232*20130121~DTM*233*20130128~AMT*AU*138~AMT*T2*88~SVC*HC:99199*125*44**1*HC:90834~DTM*472*20130121~CAS*PR*3*25~CAS*CO*45*56~REF*6R*000001~REF*HPI*1902991391~AMT*B6*69~SVC*HC:99199*125*44**1*HC:90834~DTM*472*20130128~CAS*PR*3*25~CAS*CO*45*56~REF*6R*000002~REF*HPI*1902991391~AMT*B6*69~CLP*3HZN77593920*1*125*50*10*13*780261305235881   00**1~NM1*QC*1*DANIELSON*CHRISTINE****MI*NJX3HZN77593920~NM1*IL*1*FAUGHNAN*RICHARD****MI*3HZN775939201~NM1*74*1*FAUGHNAN*RICHARD*F***C*3HZN775939201~NM1*82*2*M M WIESE WAIBEL LCSW*****XX*1902991391~DTM*050*20130220~DTM*232*20130206~DTM*233*20130206~PER*CX*NJ DIRECT*TE*8006241110~AMT*AU*60~AMT*T2*50~SVC*HC:99199*125*50**1*HC:90834~DTM*472*20130206~CAS*PR*3*10~CAS*CO*45*65~REF*6R*5923HZN77593920~REF*HPI*1902991391~AMT*B6*60~CLP*3HZN36191530*1*250*90*30*13*780261305178169   00**1~NM1*QC*1*LENAHAN*MEAGHAN****MI*3HZN361915300~NM1*74*1*LENAHAN*MEAGHAN*M***C*NJX3HZN36191530~NM1*82*2*M M WIESE WAIBEL LCSW*****XX*1902991391~DTM*050*20130220~DTM*232*20130201~DTM*233*20130207~PER*CX*NJ DIRECT*TE*8006241110~AMT*AU*120~AMT*T2*90~SVC*HC:99199*125*45**1*HC:90834~DTM*472*20130201~CAS*PR*3*15~CAS*CO*45*65~REF*6R*6193HZN36191530~REF*HPI*1902991391~AMT*B6*60~SVC*HC:99199*125*45**1*HC:90834~DTM*472*20130207~CAS*PR*3*15~CAS*CO*45*65~REF*6R*6203HZN36191530~REF*HPI*1902991391~AMT*B6*60~CLP*3HZN15469020*1*125*45*15*13*780261305234106   00**1~NM1*QC*1*MONDI*NICHOL****MI*NJX3HZN15469020~NM1*IL*1*MONDI*FREDERICK****MI*3HZN154690200~NM1*74*1*MONDI*FREDERICK*B***C*3HZN154690200~NM1*82*2*M M WIESE WAIBEL LCSW*****XX*1902991391~DTM*050*20130220~DTM*232*20130211~DTM*233*20130211~PER*CX*NJ DIRECT*TE*8006241110~AMT*AU*60~AMT*T2*45~SVC*HC:99199*125*45**1*HC:90834~DTM*472*20130211~CAS*PR*3*15~CAS*CO*45*65~REF*6R*6283HZN15469020~REF*HPI*1902991391~AMT*B6*60~CLP*3HZN27538760*1*125*45*15*13*780261305235002   00**1~NM1*QC*1*RIVERA*CARMEN*R***MI*NJX3HZN27538760~NM1*IL*1*RIVERA*JOSE****MI*3HZN275387600~NM1*82*2*M M WIESE WAIBEL LCSW*****XX*1902991391~DTM*050*20130220~DTM*232*20130207~DTM*233*20130207~PER*CX*NJ DIRECT*TE*8006241110~AMT*AU*60~AMT*T2*45~SVC*HC:99199*125*45**1*HC:90834~DTM*472*20130207~CAS*PR*3*15~CAS*CO*45*65~REF*6R*6413HZN27538760~REF*HPI*1902991391~AMT*B6*60~CLP*3HZN56316950*1*250*108*30*12*780261305235012   00**1~NM1*QC*1*DUFFY*JULIE****MI*3HZN563169500~NM1*74*1*DUFFY*JULIE*A***C*YHB3HZN56316950~NM1*82*2*M M WIESE WAIBEL LCSW*****XX*1902991391~DTM*050*20130220~DTM*232*20130201~DTM*233*20130215~PER*CX*NATIONAL ACCOUNTS SERVICED IN MT.LAUREL*TE*8006244758~AMT*AU*138~AMT*T2*108~SVC*HC:99199*125*54**1*HC:90834~DTM*472*20130201~CAS*PR*3*15~CAS*CO*45*56~REF*6R*5983HZN56316950~REF*HPI*1902991391~AMT*B6*69~SVC*HC:99199*125*54**1*HC:90834~DTM*472*20130215~CAS*PR*3*15~CAS*CO*45*56~REF*6R*5993HZN56316950~REF*HPI*1902991391~AMT*B6*69~CLP*3HZN14345840*1*125*54*15*12*780261305217070   00**1~NM1*QC*1*GREFFER*CHANTAL****MI*3HZN143458400~NM1*74*1*GREFFER*CHANTAL*M***C*YHB3HZN14345840~NM1*82*2*M M WIESE WAIBEL LCSW*****XX*1902991391~DTM*050*20130220~DTM*232*20130211~DTM*233*20130211~PER*CX*NATIONAL ACCOUNTS SERVICED IN MT.LAUREL*TE*8006244758~AMT*AU*69~AMT*T2*54~SVC*HC:99199*125*54**1*HC:90834~DTM*472*20130211~CAS*PR*3*15~CAS*CO*45*56~REF*6R*6093HZN14345840~REF*HPI*1902991391~AMT*B6*69~SE*217*0003~GE*3*131937946~IEA*1*131937946~
