ISA*00*          *00*          *ZZ*330897513      *ZZ*ASSOCIATEDBC   *130228*2212*U*00401*132376711*0*P*:~GS*HP*330897513*ASSOCIATEDBC*20130228*2212*132376711*X*004010X091A1~ST*835*0001~BPR*I*621.62*C*ACH*CCP*01*031100225*DA*2079950064280/*1220999690**01*231372691*DA*0181143836*20130226~TRN*1*0003182872*1220999690*8352013022700420783~REF*EV*1902991391~DTM*405*20130226~N1*PR*HORIZON BCBSNJ~N3*PAYOR ADDRESS 1~N4*NEWARK*NJ*071010420~REF*2U*22099~N1*PE*M M WIESE WAIBEL LCSW*XX*1902991391~N3*800 RARITAN RD~N4*CLARK*NJ*070661710~REF*PQ*2621359190~REF*TJ*262135919~LX*1~CLP*MKGAN3670307*1*125*44*25*12*780261305217027   00**1~NM1*QC*1*FRANCIS*TIFFANY****MI*MKGAN3670307~NM1*82*2*M M WIESE WAIBEL LCSW*****XX*1902991391~DTM*050*20130220~DTM*232*20130207~DTM*233*20130207~AMT*AU*69~AMT*T2*44~SVC*HC:99199*125*44**1*HC:90834~DTM*472*20130207~CAS*PR*3*25~CAS*CO*45*56~REF*6R*604MKGAN3670307~REF*HPI*1902991391~AMT*B6*69~CLP*MKGAN3670307*1*125*44*25*12*780281305155942   00**1~NM1*QC*1*FRANCIS*TIFFANY****MI*MKGAN3670307~NM1*82*2*M M WIESE WAIBEL LCSW*****XX*1902991391~DTM*050*20130219~DTM*232*20130125~DTM*233*20130125~AMT*AU*69~AMT*T2*44~SVC*HC:99199*125*44**1*HC:90834~DTM*472*20130125~CAS*PR*3*25~CAS*CO*45*56~REF*6R*000001~REF*HPI*1902991391~AMT*B6*69~CLP*670646291*1*250*88*50*12*780261305178699   00**1~NM1*QC*1*KARDOS*LISA****MI*SKQAN4254520~NM1*82*2*M M WIESE WAIBEL LCSW*****XX*1902991391~DTM*050*20130220~DTM*232*20130201~DTM*233*20130215~AMT*AU*138~AMT*T2*88~SVC*HC:99199*125*44**1*HC:90834~DTM*472*20130201~CAS*PR*3*25~CAS*CO*45*56~REF*6R*611670646291~REF*HPI*1902991391~AMT*B6*69~SVC*HC:99199*125*44**1*HC:90834~DTM*472*20130215~CAS*PR*3*25~CAS*CO*45*56~REF*6R*612670646291~REF*HPI*1902991391~AMT*B6*69~CLP*ROQ5052733500*1*125*44*25*12*780261305146161   00**1~NM1*QC*1*KOVATCH*LISA****MI*ROQ5052733500~NM1*82*2*M M WIESE WAIBEL LCSW*****XX*1902991391~DTM*050*20130219~DTM*232*20130116~DTM*233*20130116~AMT*AU*69~AMT*T2*44~SVC*HC:99199*125*44**1*HC:90834~DTM*472*20130116~CAS*PR*3*25~CAS*CO*45*56~REF*6R*000001~REF*HPI*1902991391~AMT*B6*69~CLP*ROQ5052733500*1*125*44*25*12*780261305217069   00**1~NM1*QC*1*KOVATCH*LISA****MI*ROQ5052733500~NM1*82*2*M M WIESE WAIBEL LCSW*****XX*1902991391~DTM*050*20130220~DTM*232*20130213~DTM*233*20130213~AMT*AU*69~AMT*T2*44~SVC*HC:99199*125*44**1*HC:90834~DTM*472*20130213~CAS*PR*3*25~CAS*CO*45*56~REF*6R*614ROQ5052733500~REF*HPI*1902991391~AMT*B6*69~CLP*DZVAN4492387*1*250*98*40*12*780261305178718   00**1~NM1*QC*1*PRIBUSH*KATHLEEN****MI*DZVAN4492387~NM1*IL*1*PRIBUSH*JEFF****MI*DZVAN4492387~NM1*82*2*M M WIESE WAIBEL LCSW*****XX*1902991391~DTM*050*20130220~DTM*232*20130206~DTM*233*20130213~AMT*AU*138~AMT*T2*98~SVC*HC:99199*125*49**1*HC:90834~DTM*472*20130206~CAS*PR*3*20~CAS*CO*45*56~REF*6R*638DZVAN4492387~REF*HPI*1902991391~AMT*B6*69~SVC*HC:99199*125*49**1*HC:90834~DTM*472*20130213~CAS*PR*3*20~CAS*CO*45*56~REF*6R*639DZVAN4492387~REF*HPI*1902991391~AMT*B6*69~CLP*670646314*1*125*49*20*12*780261305215733   00**1~NM1*QC*1*RABADEAU*KATHLEEN****MI*DZVAN4490966~NM1*82*2*M M WIESE WAIBEL LCSW*****XX*1902991391~DTM*050*20130220~DTM*232*20130212~DTM*233*20130212~AMT*AU*69~AMT*T2*49~SVC*HC:99199*125*49**1*HC:90834~DTM*472*20130212~CAS*PR*3*20~CAS*CO*45*56~REF*6R*640670646314~REF*HPI*1902991391~AMT*B6*69~CLP*BLM88988917*1*250*88*50*12*780261305178170   00**1~NM1*QC*1*STRYKER*MELISSA****MI*BLM88988917~NM1*IL*1*MARTA*THOMAS*J***MI*BLM88988917~NM1*82*2*M M WIESE WAIBEL LCSW*****XX*1902991391~DTM*050*20130220~DTM*232*20130204~DTM*233*20130211~AMT*AU*138~AMT*T2*88~SVC*HC:99199*125*44**1*HC:90834~DTM*472*20130204~CAS*PR*3*25~CAS*CO*45*56~REF*6R*653BLM88988917~REF*HPI*1902991391~AMT*B6*69~SVC*HC:99199*125*44**1*HC:90834~DTM*472*20130211~CAS*PR*3*25~CAS*CO*45*56~REF*6R*654BLM88988917~REF*HPI*1902991391~AMT*B6*69~CLP*3HZN71563020*1*250*100*20*13*780261305235245   00**1~NM1*QC*1*BONILLA*NANCY****MI*NJX3HZN71563020~NM1*82*2*M M WIESE WAIBEL LCSW*****XX*1902991391~DTM*050*20130220~DTM*232*20130205~DTM*233*20130212~PER*CX*NJ DIRECT*TE*8006241110~AMT*AU*120~AMT*T2*100~SVC*HC:99199*125*50**1*HC:90834~DTM*472*20130205~CAS*PR*3*10~CAS*CO*45*65~REF*6R*5853HZN71563020~REF*HPI*1902991391~AMT*B6*60~SVC*HC:99199*125*50**1*HC:90834~DTM*472*20130212~CAS*PR*3*10~CAS*CO*45*65~REF*6R*5863HZN71563020~REF*HPI*1902991391~AMT*B6*60~CLP*151662088 A*2*125*22.62**13*780271305331830   00**1~NM1*QC*1*CICALESE*KRISTA*A***MI*3HZN98001790~NM1*82*2*M M WIESE WAIBEL LCSW*****XX*1902991391~DTM*050*20130222~DTM*232*20130115~DTM*233*20130115~PER*CX*NATIONAL ACCOUNTS POS*TE*8006244758~AMT*AU*60~AMT*T2*22.62~SVC*HC:99199*125*22.62**1*HC:90834~DTM*472*20130115~CAS*OA*23*102.38~REF*6R*LX#01~REF*HPI*1902991391~AMT*B6*60~SE*197*0001~GE*1*132376711~IEA*1*132376711~
