ISA*00*          *00*          *ZZ*330897513      *ZZ*ASSOCIATEDBC   *130301*1144*U*00401*132422021*0*P*:~GS*HP*330897513*ASSOCIATEDBC*20130301*1144*132422021*X*004010X091A1~ST*835*0001~BPR*H*0*C*NON************20130228~TRN*1*0015107006*1220999690*8352013030100330759~REF*EV*1902991391~DTM*405*20130228~N1*PR*HORIZON BCBSNJ~N3*PAYOR ADDRESS 1~N4*NEWARK*NJ*071010420~REF*2U*22099~N1*PE*M M WIESE WAIBEL LCSW*XX*1902991391~N3*800 RARITAN RD~N4*CLARK*NJ*070661710~REF*PQ*2621359190~REF*TJ*262135919~LX*1~CLP*3HZN96735280*4*125*0**15*780271302900643   00**1~CAS*PR*96*-65~CAS*OA*96*65~NM1*QC*1*MENDEZ*ERIKA****MI*YHC3HZN96735280~NM1*IL*1*MENDEZ*JUAN*C***MI*3HZN967352800~NM1*82*2*M M WIESE WAIBEL LCSW*****XX*1902991391~MOA***MA69~DTM*050*20130128~DTM*232*20121217~DTM*233*20121217~PER*CX*NATIONAL ACCOUNTS SERVICED IN MT.LAUREL*TE*8006244758~SVC*HC:90806*125*0**1~DTM*472*20121217~CAS*PR*204*65~CAS*OA*23*60~REF*6R*000001~REF*HPI*1902991391~SE*33*0001~GE*1*132422021~IEA*1*132422021~
