ISA*00*          *00*          *ZZ*330897513      *ZZ*ASSOCIATEDBC   *130304*1453*U*00401*132632211*0*P*:~GS*HP*330897513*ASSOCIATEDBC*20130304*1453*132632211*X*004010X091A1~ST*835*0001~BPR*I*205*C*ACH*CCP*01*031100225*DA*2079950064280/*1220999690**01*231372691*DA*0181143836*20130301~TRN*1*0003205061*1220999690*8352013030201260733~REF*EV*1902991391~DTM*405*20130301~N1*PR*HORIZON BCBSNJ~N3*PAYOR ADDRESS 1~N4*NEWARK*NJ*071010420~REF*2U*22099~N1*PE*M M WIESE WAIBEL LCSW*XX*1902991391~N3*800 RARITAN RD~N4*CLARK*NJ*070661710~REF*PQ*2621359190~REF*TJ*262135919~LX*1~CLP*3HZN04606950*1*125*10*50*13*780261305181799   00**1~NM1*QC*1*GEARDINO*CATHLIN*V***MI*YHM3HZN04606950~NM1*IL*1*GEARDINO*THEODORE****MI*3HZN046069500~NM1*82*2*M M WIESE WAIBEL LCSW*****XX*1902991391~DTM*050*20130220~DTM*232*20130214~DTM*233*20130214~PER*CX*HORIZON BLUE CROSS BLUE SHIELD OF NEW JERSEY DIRECT ACCESS*TE*8006241110~AMT*AU*60~AMT*T2*10~SVC*HC:99199*125*10**1*HC:90834~DTM*472*20130214~CAS*PR*3*50~CAS*CO*45*65~REF*6R*6073HZN04606950~REF*HPI*1902991391~AMT*B6*60~CLP*3HZN35374750*1*125*50*10*13*780261305234107   00**1~NM1*QC*1*PIZZELLI*MARIA****MI*YHQ3HZN35374750~NM1*82*2*M M WIESE WAIBEL LCSW*****XX*1902991391~DTM*050*20130220~DTM*232*20130207~DTM*233*20130207~PER*CX*HORIZON BLUE CROSS BLUE SHIELD OF NEW JERSEY DIRECT ACCESS*TE*8006241110~AMT*AU*60~AMT*T2*50~SVC*HC:99199*125*50**1*HC:90834~DTM*472*20130207~CAS*PR*3*10~CAS*CO*45*65~REF*6R*6373HZN35374750~REF*HPI*1902991391~AMT*B6*60~CLP*3HZN03939260*1*250*90*30*13*780261305217017   00**1~NM1*QC*1*SOMERS*ELAINE****MI*YHQ3HZN03939260~NM1*IL*1*SOMERS*ROBERT****MI*3HZN039392600~NM1*82*2*M M WIESE WAIBEL LCSW*****XX*1902991391~DTM*050*20130220~DTM*232*20130208~DTM*233*20130215~PER*CX*HORIZON BLUE CROSS BLUE SHIELD OF NEW JERSEY DIRECT ACCESS*TE*8006241110~AMT*AU*120~AMT*T2*90~SVC*HC:99199*125*45**1*HC:90834~DTM*472*20130208~CAS*PR*3*15~CAS*CO*45*65~REF*6R*6503HZN03939260~REF*HPI*1902991391~AMT*B6*60~SVC*HC:99199*125*45**1*HC:90834~DTM*472*20130215~CAS*PR*3*15~CAS*CO*45*65~REF*6R*6513HZN03939260~REF*HPI*1902991391~AMT*B6*60~CLP*3HZN69937170*1*125*35*25*13*780261305234226   00**1~NM1*QC*1*ORSINI*SUSAN*J***MI*HEF3HZN69937170~NM1*IL*1*ORSINI*NICHOLAS****MI*3HZN699371700~NM1*74*1*ORSINI*NICHOLAS*R***C*3HZN699371700~NM1*82*2*M M WIESE WAIBEL LCSW*****XX*1902991391~DTM*050*20130220~DTM*232*20130213~DTM*233*20130213~PER*CX*NATIONAL ACCOUNTS POS*TE*8006244758~AMT*AU*60~AMT*T2*35~SVC*HC:99199*125*35**1*HC:90834~DTM*472*20130213~CAS*PR*3*25~CAS*CO*45*65~REF*6R*6333HZN69937170~REF*HPI*1902991391~AMT*B6*60~CLP*3HZN89299890*1*125*20*40*13*780261305217015   00**1~NM1*QC*1*SHAH*ROSEMARIE****MI*YHX3HZN89299890~NM1*IL*1*SHAH*HR****MI*3HZN892998900~NM1*74*1*SHAH*HASMUKH*R***C*3HZN892998900~NM1*82*2*M M WIESE WAIBEL LCSW*****XX*1902991391~DTM*050*20130220~DTM*232*20130206~DTM*233*20130206~PER*CX*NATIONAL ACCOUNTS POS*TE*8006244758~AMT*AU*60~AMT*T2*20~SVC*HC:99199*125*20**1*HC:90834~DTM*472*20130206~CAS*PR*3*40~CAS*CO*45*65~REF*6R*6423HZN89299890~REF*HPI*1902991391~AMT*B6*60~CLP*3HZN96735280*1*250*0*78*15*780271305805240   00**1~NM1*QC*1*MENDEZ*ERIKA****MI*YHC3HZN96735280~NM1*IL*1*MENDEZ*JUAN*C***MI*3HZN967352800~NM1*82*2*M M WIESE WAIBEL LCSW*****XX*1902991391~DTM*050*20130226~DTM*232*20130121~DTM*233*20130121~PER*CX*NATIONAL ACCOUNTS SERVICED IN MT.LAUREL*TE*8006244758~AMT*AU*78~SVC*HC:99199*250*0**1*HC:90791~DTM*472*20130121~CAS*PR*1*78~CAS*CO*45*116~CAS*OA*204*56~REF*6R*000001~REF*HPI*1902991391~AMT*B6*78~SE*126*0001~ST*835*0002~BPR*I*194*C*ACH*CCP*01*031100225*DA*2079950064280/*1220999690**01*231372691*DA*0181143836*20130302~TRN*1*0003212699*1220999690*8352013030313540738~REF*EV*1902991391~DTM*405*20130302~N1*PR*HORIZON BCBSNJ~N3*PAYOR ADDRESS 1~N4*NEWARK*NJ*071010420~REF*2U*22099~N1*PE*M M WIESE WAIBEL LCSW*XX*1902991391~N3*800 RARITAN RD~N4*CLARK*NJ*070661710~REF*PQ*2621359190~REF*TJ*262135919~LX*1~CLP*3HZN71563020*1*125*50*10*13*780271305961190   00**1~NM1*QC*1*BONILLA*NANCY****MI*NJX3HZN71563020~NM1*82*2*M M WIESE WAIBEL LCSW*****XX*1902991391~DTM*050*20130228~DTM*232*20130219~DTM*233*20130219~PER*CX*NJ DIRECT*TE*8006241110~AMT*AU*60~AMT*T2*50~SVC*HC:99199*125*50**1*HC:90834~DTM*472*20130219~CAS*PR*3*10~CAS*CO*45*65~REF*6R*3693HZN71563020~REF*HPI*1902991391~AMT*B6*60~CLP*3HZN77593920*1*125*50*10*13*780271305977528   00**1~NM1*QC*1*DANIELSON*CHRISTINE****MI*NJX3HZN77593920~NM1*IL*1*FAUGHNAN*RICHARD****MI*3HZN775939201~NM1*74*1*FAUGHNAN*RICHARD*F***C*3HZN775939201~NM1*82*2*M M WIESE WAIBEL LCSW*****XX*1902991391~DTM*050*20130228~DTM*232*20130218~DTM*233*20130218~PER*CX*NJ DIRECT*TE*8006241110~AMT*AU*60~AMT*T2*50~SVC*HC:99199*125*50**1*HC:90834~DTM*472*20130218~CAS*PR*3*10~CAS*CO*45*65~REF*6R*3723HZN77593920~REF*HPI*1902991391~AMT*B6*60~CLP*3HZN36191530*1*125*45*15*13*780271305961181   00**1~NM1*QC*1*LENAHAN*MEAGHAN****MI*3HZN361915300~NM1*74*1*LENAHAN*MEAGHAN*M***C*NJX3HZN36191530~NM1*82*2*M M WIESE WAIBEL LCSW*****XX*1902991391~DTM*050*20130228~DTM*232*20130221~DTM*233*20130221~PER*CX*NJ DIRECT*TE*8006241110~AMT*AU*60~AMT*T2*45~SVC*HC:99199*125*45**1*HC:90834~DTM*472*20130221~CAS*PR*3*15~CAS*CO*45*65~REF*6R*3903HZN36191530~REF*HPI*1902991391~AMT*B6*60~CLP*3HZN61685920*1*125*49*20*12*780271305977531   00**1~NM1*QC*1*TAMASHAUSKY*LINDA*S***MI*3HZN616859200~NM1*74*1*TAMASHAUSKY*LINDA****C*YHI3HZN61685920~NM1*82*2*M M WIESE WAIBEL LCSW*****XX*1902991391~DTM*050*20130228~DTM*232*20130220~DTM*233*20130220~PER*CX*NATIONAL ACCOUNTS SERVICED IN MT.LAUREL*TE*8006244758~AMT*AU*69~AMT*T2*49~SVC*HC:99199*125*49**1*HC:90834~DTM*472*20130220~CAS*PR*3*20~CAS*CO*45*56~REF*6R*4283HZN61685920~REF*HPI*1902991391~AMT*B6*69~SE*84*0002~ST*835*0003~BPR*I*98*C*CHK************20130301~TRN*1*152322648*1220999690*22099~DTM*405*20130301~N1*PR*HORIZON BCBSNJ~N3*3 PENN PLAZA~N4*NEWARK*NJ*071010420~REF*2U*22099~PER*CX**TE*8883349242~N1*PE*M M WIESE WAIBEL LCSW*XX*1902991391~N3*800 RARITAN ROAD~N4*CLARK*NJ*070661710~REF*TJ*262135919~LX*1~CLP*R58551940*1*125*49*20*12*26130523523900780*11*1~NM1*QC*1*LIHOU*MARY****MI*R58551940~DTM*050*20130220~DTM*232*20130206~AMT*AU*69~SVC*HC:90834*125*49**1~DTM*472*20130206~CAS*PR*2*20~CAS*CO*45*56~REF*6R*621R58551940~AMT*B6*69~CLP*R58027107*1*125*49*20*12*26130521702900780*11*1~NM1*QC*1*MULLIGAN*CHERYL****MI*R58027107~NM1*IL*1*MULLIGAN*THOMAS****MI*R58027107~DTM*050*20130220~DTM*232*20130212~AMT*AU*69~SVC*HC:90834*125*49**1~DTM*472*20130212~CAS*PR*2*20~CAS*CO*45*56~REF*6R*631R58027107~AMT*B6*69~SE*38*0003~GE*3*132632211~IEA*1*132632211~
