ISA*00*          *00*          *ZZ*330897513      *ZZ*ASSOCIATEDBC   *130305*0756*U*00401*132714514*0*P*:~GS*HP*330897513*ASSOCIATEDBC*20130305*0756*132714514*X*004010X091A1~ST*835*0001~BPR*I*160*C*CHK******1043270923******20130304~TRN*1*001608402*1043270923~REF*EV*SL0002~REF*F2*3000-001~DTM*405*20130301~N1*PR*TUFTS BENEFIT ADMINISTRATORS INC.~N3*PO BOX 9185~N4*WATERTOWN*MA*024719185~REF*2U*04298~PER*CX*EDI OPERATIONS*TE*8888808699*EX*4042~N1*PE*GULLA JAMES P. LCMHC*XX*1922200658~LX*1~CLP*673250693*1*200*160*40*12*3058BBUS~NM1*QC*1*WYMAN*ARTHUR****MI*776987405   02~SVC*HC:90834*100*80**1~DTM*472*20130206~CAS*PR*2*20~REF*6R*596673250693~AMT*B6*100~SVC*HC:90837*100*80**1~DTM*472*20130213~CAS*PR*2*20~REF*6R*597673250693~AMT*B6*100~SE*26*0001~GE*1*132714514~IEA*1*132714514~
