ISA*00*          *00*          *ZZ*330897513      *ZZ*ASSOCIATEDBC   *130307*2338*U*00401*133081108*0*P*:~GS*HP*330897513*ASSOCIATEDBC*20130307*2338*133081108*X*004010X091A1~ST*835*0001~BPR*I*113*C*ACH*CCP*01*031100225*DA*2079950064280/*1220999690**01*231372691*DA*0181143836*20130305~TRN*1*0003220663*1220999690*8352013030600230777~REF*EV*1902991391~DTM*405*20130305~N1*PR*HORIZON BCBSNJ~N3*PAYOR ADDRESS 1~N4*NEWARK*NJ*071010420~REF*2U*22099~N1*PE*M M WIESE WAIBEL LCSW*XX*1902991391~N3*800 RARITAN RD~N4*CLARK*NJ*070661710~REF*PQ*2621359190~REF*TJ*262135919~LX*1~CLP*MKGAN3670307*1*125*44*25*12*780271305961184   00**1~NM1*QC*1*FRANCIS*TIFFANY****MI*MKGAN3670307~NM1*82*2*M M WIESE WAIBEL LCSW*****XX*1902991391~DTM*050*20130228~DTM*232*20130221~DTM*233*20130221~AMT*AU*69~AMT*T2*44~SVC*HC:99199*125*44**1*HC:90834~DTM*472*20130221~CAS*PR*3*25~CAS*CO*45*56~REF*6R*379MKGAN3670307~REF*HPI*1902991391~AMT*B6*69~CLP*DZVAN4492387*1*125*49*20*12*780271305961245   00**1~NM1*QC*1*PRIBUSH*KATHLEEN****MI*DZVAN4492387~NM1*IL*1*PRIBUSH*JEFF****MI*DZVAN4492387~NM1*82*2*M M WIESE WAIBEL LCSW*****XX*1902991391~DTM*050*20130228~DTM*232*20130220~DTM*233*20130220~AMT*AU*69~AMT*T2*49~SVC*HC:99199*125*49**1*HC:90834~DTM*472*20130220~CAS*PR*3*20~CAS*CO*45*56~REF*6R*397DZVAN4492387~REF*HPI*1902991391~AMT*B6*69~CLP*3HZN96735280*22*-250*0**15*780271305805240   01**1~CAS*CR*96*78~CAS*CR*96*-78~NM1*QC*1*MENDEZ*ERIKA****MI*YHC3HZN96735280~NM1*IL*1*MENDEZ*JUAN*C***MI*3HZN967352800~NM1*82*2*M M WIESE WAIBEL LCSW*****XX*1902991391~MOA***MA69~DTM*050*20130304~DTM*232*20130121~DTM*233*20130121~PER*CX*NATIONAL ACCOUNTS SERVICED IN MT.LAUREL*TE*8006244758~AMT*AU*-78~SVC*HC:99199*-250*0**1*HC:90791~DTM*472*20130121~CAS*CR*1*-78~CAS*CR*45*-116~CAS*CR*204*-56~REF*6R*000001~REF*HPI*1902991391~CLP*3HZN96735280*1*250*20*58*15*780271305805240   02**1~NM1*QC*1*MENDEZ*ERIKA****MI*YHC3HZN96735280~NM1*IL*1*MENDEZ*JUAN*C***MI*3HZN967352800~NM1*82*2*M M WIESE WAIBEL LCSW*****XX*1902991391~DTM*050*20130304~DTM*232*20130121~DTM*233*20130121~PER*CX*NATIONAL ACCOUNTS SERVICED IN MT.LAUREL*TE*8006244758~AMT*AU*78~AMT*T2*20~SVC*HC:99199*250*20**1*HC:90791~DTM*472*20130121~CAS*PR*204*58~CAS*CO*45*116~CAS*OA*204*56~REF*6R*000001~REF*HPI*1902991391~AMT*B6*78~SE*84*0001~GE*1*133081108~IEA*1*133081108~
