ISA*00*          *00*          *ZZ*330897513      *ZZ*ASSOCIATEDBC   *130312*0333*U*00401*133407935*0*P*:~GS*HP*330897513*ASSOCIATEDBC*20130312*0333*133407935*X*004010X091A1~ST*835*0001~BPR*I*47.12*C*ACH*CCP*01*031100225*DA*2079950064280/*1220999690**01*231372691*DA*0181143836*20130307~TRN*1*0003235546*1220999690*8352013030801300748~REF*EV*1902991391~DTM*405*20130307~N1*PR*HORIZON BCBSNJ~N3*PAYOR ADDRESS 1~N4*NEWARK*NJ*071010420~REF*2U*22099~N1*PE*M M WIESE WAIBEL LCSW*XX*1902991391~N3*800 RARITAN RD~N4*CLARK*NJ*070661710~REF*PQ*2621359190~REF*TJ*262135919~LX*1~CLP*150227714 A*1*250*47.12*202.88*12*780271305331847   00**1~CAS*PR*96*202.88~CAS*OA*96*-202.88~NM1*QC*1*MARTIN*ANNA****MI*ISC740025605~NM1*82*2*M M WIESE WAIBEL LCSW*****XX*1902991391~MOA***MA69~DTM*050*20130222~DTM*232*20130109~DTM*233*20130109~PER*CX*ACCOUNTS DIRECT ACCESS*TE*8006244758~AMT*AU*72~AMT*T2*47.12~SVC*HC:99199*250*47.12**1*HC:90791~DTM*472*20130109~CAS*OA*23*202.88~REF*6R*LX#01~REF*HPI*1902991391~AMT*B6*72~SE*34*0001~ST*835*0002~BPR*I*100*C*ACH*CCP*01*031100225*DA*2079950064280/*1220999690**01*231372691*DA*0181143836*20130309~TRN*1*0003249965*1220999690*8352013031014470725~REF*EV*1902991391~DTM*405*20130309~N1*PR*HORIZON BCBSNJ~N3*PAYOR ADDRESS 1~N4*NEWARK*NJ*071010420~REF*2U*22099~N1*PE*M M WIESE WAIBEL LCSW*XX*1902991391~N3*800 RARITAN RD~N4*CLARK*NJ*070661710~REF*PQ*2621359190~REF*TJ*262135919~LX*1~CLP*3HZN04606950*1*125*10*50*13*780271305977190   00**1~NM1*QC*1*GEARDINO*CATHLIN*V***MI*YHM3HZN04606950~NM1*IL*1*GEARDINO*THEODORE****MI*3HZN046069500~NM1*82*2*M M WIESE WAIBEL LCSW*****XX*1902991391~DTM*050*20130228~DTM*232*20130220~DTM*233*20130220~PER*CX*HORIZON BLUE CROSS BLUE SHIELD OF NEW JERSEY DIRECT ACCESS*TE*8006241110~AMT*AU*60~AMT*T2*10~SVC*HC:99199*125*10**1*HC:90834~DTM*472*20130220~CAS*PR*3*50~CAS*CO*45*65~REF*6R*3843HZN04606950~REF*HPI*1902991391~AMT*B6*60~CLP*3HZN35374750*1*125*50*10*13*780271305961247   00**1~NM1*QC*1*PIZZELLI*MARIA****MI*YHQ3HZN35374750~NM1*82*2*M M WIESE WAIBEL LCSW*****XX*1902991391~DTM*050*20130228~DTM*232*20130221~DTM*233*20130221~PER*CX*HORIZON BLUE CROSS BLUE SHIELD OF NEW JERSEY DIRECT ACCESS*TE*8006241110~AMT*AU*60~AMT*T2*50~SVC*HC:99199*125*50**1*HC:90834~DTM*472*20130221~CAS*PR*3*10~CAS*CO*45*65~REF*6R*3943HZN35374750~REF*HPI*1902991391~AMT*B6*60~CLP*YHQ3HZN485816*1*125*20*40*13*780271305977527   00**1~NM1*QC*1*SHANN*GARY****MI*3HZN485816803~NM1*74*1*SHANN*GARY*A***C*YHQ3HZN48581680~NM1*82*2*M M WIESE WAIBEL LCSW*****XX*1902991391~DTM*050*20130228~DTM*232*20130220~DTM*233*20130220~PER*CX*HORIZON BLUE CROSS BLUE SHIELD OF NEW JERSEY DIRECT ACCESS*TE*8006241110~AMT*AU*60~AMT*T2*20~SVC*HC:99199*125*20**1*HC:90834~DTM*472*20130220~CAS*PR*3*40~CAS*CO*45*65~REF*6R*399YHQ3HZN485816~REF*HPI*1902991391~AMT*B6*60~CLP*3HZN89299890*1*125*20*40*13*780271305977186   00**1~NM1*QC*1*SHAH*ROSEMARIE****MI*YHX3HZN89299890~NM1*IL*1*SHAH*HR****MI*3HZN892998900~NM1*74*1*SHAH*HASMUKH*R***C*3HZN892998900~NM1*82*2*M M WIESE WAIBEL LCSW*****XX*1902991391~DTM*050*20130228~DTM*232*20130220~DTM*233*20130220~PER*CX*NATIONAL ACCOUNTS POS*TE*8006244758~AMT*AU*60~AMT*T2*20~SVC*HC:99199*125*20**1*HC:90834~DTM*472*20130220~CAS*PR*3*40~CAS*CO*45*65~REF*6R*3983HZN89299890~REF*HPI*1902991391~AMT*B6*60~SE*84*0002~ST*835*0003~BPR*H*0*C*NON************20130308~TRN*1*F410678554*1220999690*22099~DTM*405*20130308~N1*PR*HORIZON BCBSNJ~N3*3 PENN PLAZA~N4*NEWARK*NJ*071010420~REF*2U*22099~PER*CX**TE*8883349242~N1*PE*M M WIESE WAIBEL LCSW*XX*1902991391~N3*800 RARITAN ROAD~N4*CLARK*NJ*070660000~REF*TJ*262135919~LX*1~CLP*HSE3HZN634446*4*125*0*125*15*27130596124900780*11*1~NM1*QC*1*GRANT-MOUNT*MACY****MI*HSE3HZN364446000~NM1*IL*1*MOUNT*TIMOTHY****MI*HSE3HZN364446000~DTM*050*20130228~DTM*232*20130218~SVC*HC:90834*125*0**1~DTM*472*20130218~CAS*PR*31*125~REF*6R*386HSE3HZN634446~SE*24*0003~GE*3*133407935~IEA*1*133407935~
