ISA*00*          *00*          *ZZ*330897513      *ZZ*ASSOCIATEDBC   *130314*1947*U*00401*133782018*0*P*:~GS*HP*330897513*ASSOCIATEDBC*20130314*1947*133782018*X*004010X091A1~ST*835*0001~BPR*I*69.24*C*ACH*CCP*01*031100225*DA*2079950064280/*1220999690**01*231372691*DA*0181143836*20130312~TRN*1*0003257640*1220999690*8352013031304110788~REF*EV*1902991391~DTM*405*20130312~N1*PR*HORIZON BCBSNJ~N3*PAYOR ADDRESS 1~N4*NEWARK*NJ*071010420~REF*2U*22099~N1*PE*M M WIESE WAIBEL LCSW*XX*1902991391~N3*800 RARITAN RD~N4*CLARK*NJ*070661710~REF*PQ*2621359190~REF*TJ*262135919~LX*1~CLP*MKGAN3670307*22*-125*0**12*780261301888709   01**1~NM1*QC*1*FRANCIS*TIFFANY****MI*MKGAN3670307~NM1*82*2*M M WIESE WAIBEL LCSW*****XX*1902991391~DTM*050*20130305~DTM*232*20130114~DTM*233*20130114~SVC*HC:99199*-125*0**1*HC:90834~DTM*472*20130114~CAS*CR*204*-125~REF*6R*722MKGAN3670307~REF*HPI*1902991391~CLP*MKGAN3670307*1*125*44*25*12*780261301888709   02**1~NM1*QC*1*FRANCIS*TIFFANY****MI*MKGAN3670307~NM1*82*2*M M WIESE WAIBEL LCSW*****XX*1902991391~DTM*050*20130305~DTM*232*20130114~DTM*233*20130114~AMT*AU*69~AMT*T2*44~SVC*HC:99199*125*44**1*HC:90834~DTM*472*20130114~CAS*PR*3*25~CAS*CO*45*56~REF*6R*722MKGAN3670307~REF*HPI*1902991391~AMT*B6*69~CLP*143342949A*2*250*25.24*20*13*780271306881162   00**1~NM1*QC*1*COSQUER*DOLORES****MI*3HZN22671350~NM1*82*2*M M WIESE WAIBEL LCSW*****XX*1902991391~DTM*050*20130309~DTM*232*20130116~DTM*233*20130130~PER*CX*NJ DIRECT*TE*8006241110~AMT*AU*129.26~AMT*T2*25.24~SVC*HC:99199*125*12.62**1*HC:90834~DTM*472*20130116~CAS*PR*3*10~CAS*OA*23*102.38~REF*6R*LX#01~REF*HPI*1902991391~AMT*B6*64.63~SVC*HC:99199*125*12.62**1*HC:90834~DTM*472*20130130~CAS*PR*3*10~CAS*OA*23*102.38~REF*6R*LX#02~REF*HPI*1902991391~AMT*B6*64.63~SE*65*0001~GE*1*133782018~IEA*1*133782018~
