ISA*00*          *00*          *ZZ*330897513      *ZZ*ASSOCIATEDBC   *130316*0116*U*00401*133921956*0*P*:~GS*HP*330897513*ASSOCIATEDBC*20130316*0116*133921956*X*004010X091A1~ST*835*0001~BPR*I*26.72*C*CHK************20130311~TRN*1*704283922*1411648670~REF*EV*870426777~REF*F2*1~DTM*405*20130312~N1*PR*CIGNA BEHAVIORAL HEALTH INC.~N3*P.O. BOX 182223~N4*CHATTANOOGA*TN*374227223~N1*PE*DEBRA D CHATMAN-FINLEY MS*FI*264224733~N3*134 W END AVE # 2~N4*SOMERVILLE*NJ*088761816~LX*1~CLP*678011669*1*140*26.72*40*13*9681306805566*11*1~NM1*QC*1*DRURY*SHANNON****MI*U4622015101~NM1*82*1*CHATMAN-FINLEY*DEBRA*D***FI*264224733~REF*1L*3332472~REF*CE*OPEN ACCESS PLUS~DTM*050*20130309~DTM*232*20130226~DTM*233*20130226~PER*CX*MEMBER SERVICES*TE*8002446224~AMT*AU*66.72~SVC*HC:90834*140*26.72**1~CAS*CO*45*73.28~CAS*PR*3*40~REF*6R*698678011669~AMT*B6*66.72~SE*29*0001~ST*835*0002~BPR*H*0*C*NON************20130314~TRN*1*C89023074000328*1066033492~REF*EV*330897513~DTM*405*20130315~N1*PR*AETNA~N3*151 FARMINGTON AVENUE~N4*HARTFORD*CT*06156~N1*PE*CHATMAN-FINLEY, DEBRA D*XX*1346469632~N3*134 W END AVE FL 2~N4*SOMERVILLE*NJ*088761816~REF*PQ*183005000~REF*TJ*264224733~LX*1~TS3*1346469632*11*20131231*1*560~CLP*678011670*1*560*0*560*HM*130313E394200000*11*1~NM1*QC*1*GLOVER*ITIESHA****MI*BBTYBY6A~NM1*82*2*CHATMAN-FINLEY, DEBRA D*****XX*1346469632~REF*1L*01406E-046~REF*CE*NJ EMPLOYEE PLAN~DTM*050*20130313~DTM*232*20130109~DTM*233*20130213~PER*CX**TE*8006240756~SVC*HC:90834*140*0**0**1~DTM*472*20130109~CAS*PR*197*140*1~REF*6R*040678011670~LQ*HE*N130~SVC*HC:90837*140*0**0**1~DTM*472*20130117~CAS*PR*197*140*1~REF*6R*041678011670~LQ*HE*N130~SVC*HC:90834*140*0**0**1~DTM*472*20130130~CAS*PR*197*140*1~REF*6R*042678011670~LQ*HE*N130~SVC*HC:90837*140*0**0**1~DTM*472*20130213~CAS*PR*197*140*1~REF*6R*043678011670~LQ*HE*N130~SE*45*0002~ST*835*0003~BPR*I*49*C*ACH*CCP*01*031100225*DA*2079950064280/*1220999690**01*231372691*DA*0181143836*20130313~TRN*1*0003265159*1220999690*8352013031400540766~REF*EV*1902991391~DTM*405*20130313~N1*PR*HORIZON BCBSNJ~N3*PAYOR ADDRESS 1~N4*NEWARK*NJ*071010420~REF*2U*22099~N1*PE*M M WIESE WAIBEL LCSW*XX*1902991391~N3*800 RARITAN RD~N4*CLARK*NJ*070661710~REF*PQ*2621359190~REF*TJ*262135919~LX*1~CLP*DZVAN4492387*22*-125*0**12*780271301817002   01**1~NM1*QC*1*PRIBUSH*KATHLEEN****MI*DZVAN4492387~NM1*IL*1*PRIBUSH*JEFF****MI*DZVAN4492387~NM1*82*2*M M WIESE WAIBEL LCSW*****XX*1902991391~DTM*050*20130305~DTM*232*20130109~DTM*233*20130109~SVC*HC:99199*-125*0**1*HC:90834~DTM*472*20130109~CAS*CR*204*-125~REF*6R*761DZVAN4492387~REF*HPI*1902991391~CLP*DZVAN4492387*1*125*49*20*12*780271301817002   02**1~NM1*QC*1*PRIBUSH*KATHLEEN****MI*DZVAN4492387~NM1*IL*1*PRIBUSH*JEFF****MI*DZVAN4492387~NM1*82*2*M M WIESE WAIBEL LCSW*****XX*1902991391~DTM*050*20130305~DTM*232*20130109~DTM*233*20130109~AMT*AU*69~AMT*T2*49~SVC*HC:99199*125*49**1*HC:90834~DTM*472*20130109~CAS*PR*3*20~CAS*CO*45*56~REF*6R*761DZVAN4492387~REF*HPI*1902991391~AMT*B6*69~SE*44*0003~GE*3*133921956~IEA*1*133921956~
