ISA*00*          *00*          *ZZ*330897513      *ZZ*ASSOCIATEDBC   *130316*1718*U*00401*133947253*0*P*:~GS*HP*330897513*ASSOCIATEDBC*20130316*1718*133947253*X*004010X091A1~ST*835*0001~BPR*I*133.44*C*CHK************20130313~TRN*1*711844643*1591031071~REF*EV*562291693~REF*F2*GWFC~DTM*405*20130313~N1*PR*GREATWESTHEALTHCARE-CIGNA~N3*8505 E. ORCHARD RD~N4*GREENWOOD VILLAGE*CO*80111~REF*2U*80705~PER*CX*GWHC_EDIPROD*EM*GWHC_EDIPROD@CIGNA.COM*TE*3035665635~N1*PE*DEBRA D. CHATMAN-FINLEY*FI*264224733~N3*134 W END AVE*FL 2~N4*SOMERVILLE*NJ*088761816~REF*PQ*200005839959~LX*0~CLP*678011671*1*280*133.44**HM*130159031600*11~NM1*QC*1*GORDON*CHRISTINA****MI*1016146060~REF*1L*00607826~REF*CE*OPEN ACCESS PLUS~DTM*050*20130309~AMT*AU*133.44~SVC*HC:90834*140*66.72**1~DTM*472*20130114~CAS*CO*45*73.28~REF*6R*703678011671~AMT*B6*66.72~SVC*HC:90834*140*66.72**1~DTM*472*20130204~CAS*CO*45*73.28~REF*6R*704678011671~AMT*B6*66.72~SE*33*0001~GE*1*133947253~IEA*1*133947253~
