ISA*00*          *00*          *ZZ*330897513      *ZZ*ASSOCIATEDBC   *130318*1941*U*00401*134084923*0*P*:~GS*HP*330897513*ASSOCIATEDBC*20130318*1941*134084923*X*004010X091A1~ST*835*0001~BPR*I*30*C*ACH*CCP*01*031100225*DA*2079950064280/*1220999690**01*231372691*DA*0181143836*20130315~TRN*1*0003279445*1220999690*8352013031600590760~REF*EV*1902991391~DTM*405*20130315~N1*PR*HORIZON BCBSNJ~N3*PAYOR ADDRESS 1~N4*NEWARK*NJ*071010420~REF*2U*22099~N1*PE*M M WIESE WAIBEL LCSW*XX*1902991391~N3*800 RARITAN RD~N4*CLARK*NJ*070661710~REF*PQ*2621359190~REF*TJ*262135919~LX*1~CLP*137426725 A*2*125*30*30*13*780271306400318   00**1~NM1*QC*1*TORRE*JOSEPH*J***MI*3HZN555919000~NM1*74*1*TORRE*JOSEPH****C*3HZN55591900~NM1*82*2*M M WIESE WAIBEL LCSW*****XX*1902991391~DTM*050*20130305~DTM*232*20130124~DTM*233*20130124~PER*CX*HORIZON BLUE CROSS BLUE SHIELD OF NEW JERSEY DIRECT ACCESS*TE*8006241110~AMT*AU*60~AMT*T2*30~SVC*HC:99199*125*30**1*HC:90834~DTM*472*20130124~CAS*PR*3*30~CAS*CO*45*65~REF*6R*LX#01~REF*HPI*1902991391~AMT*B6*60~SE*33*0001~ST*835*0002~BPR*I*0*C*NON******1043270923******20130318~TRN*1*000000000*1043270923~REF*EV*SL0002~REF*F2*3000-001~DTM*405*20130315~N1*PR*TUFTS BENEFIT ADMINISTRATORS INC.~N3*PO BOX 9185~N4*WATERTOWN*MA*024719185~REF*2U*04298~PER*CX*EDI OPERATIONS*TE*8888808699*EX*4042~N1*PE*GULLA JAMES P. LCMHC*XX*1922200658~LX*1~CLP*662713245*22*-300*-240**12*3031B4UQ~NM1*QC*1*WYMAN*ARTHUR****MI*776987405   02~SVC*HC:90834*-100*-80**-1~DTM*472*20130109~CAS*PR*2*-20~REF*6R*804662713245~AMT*B6*-100~SVC*HC:90834*-100*-80**-1~DTM*472*20130116~CAS*PR*2*-20~REF*6R*805662713245~AMT*B6*-100~SVC*HC:90834*-100*-80**-1~DTM*472*20130123~CAS*PR*2*-20~REF*6R*806662713245~AMT*B6*-100~CLP*662713245*1*300*240*60*12*3031B4UQ~NM1*QC*1*WYMAN*ARTHUR****MI*776987405   02~SVC*HC:90834*100*80**1~DTM*472*20130109~CAS*PR*2*20~AMT*B6*100~SVC*HC:90834*100*80**1~DTM*472*20130116~CAS*PR*2*20~AMT*B6*100~SVC*HC:90834*100*80**1~DTM*472*20130123~CAS*PR*2*20~AMT*B6*100~SE*45*0002~GE*2*134084923~IEA*1*134084923~
