ISA*00*          *00*          *ZZ*330897513      *ZZ*ASSOCIATEDBC   *130319*0944*U*00401*134145001*0*P*:~GS*HP*330897513*ASSOCIATEDBC*20130319*0944*134145001*X*004010X091A1~ST*835*0001~BPR*I*163.1*C*CHK************20130319~TRN*1*08325-090675336*1066033492~REF*EV*330897513~DTM*405*20130319~N1*PR*AETNA~N3*151 FARMINGTON AVENUE~N4*HARTFORD*CT*06156~N1*PE*CHATMAN-FINLEY, DEBRA D*XX*1346469632~N3*134 W END AVE FL 2~N4*SOMERVILLE*NJ*088761816~REF*PQ*183005000~REF*TJ*264224733~LX*1~TS3*1346469632*11*20131231*2*980~CLP*678011672*1*700*0*700*13*E2FA5RG8G0000*11*1~NM1*QC*1*HAHN*KRISTINA~NM1*IL*1*HAHN*DEBRA****MI*W075948199~NM1*82*1*CHATMAN-FINLEY*DEBRA*D***XX*1346469632~REF*1L*0100462-042-00004-PX~REF*CE*AETNA CHOICE  POS II~DTM*050*20130313~DTM*232*20130122~DTM*233*20130219~PER*CX**TE*8886323862~AMT*AU*700~SVC*HC:90834*140*0**1~DTM*472*20130122~CAS*PR*1*104.4**45*35.6~REF*6R*034678011672~AMT*B6*104.4~LQ*HE*N130~SVC*HC:90834*140*0**1~DTM*472*20130129~CAS*PR*1*104.4**45*35.6~REF*6R*035678011672~AMT*B6*104.4~LQ*HE*N130~SVC*HC:90834*140*0**1~DTM*472*20130205~CAS*PR*1*104.4**45*35.6~REF*6R*036678011672~AMT*B6*104.4~LQ*HE*N130~SVC*HC:90834*140*0**1~DTM*472*20130212~CAS*PR*1*104.4**45*35.6~REF*6R*037678011672~AMT*B6*104.4~LQ*HE*N130~SVC*HC:90834*140*0**1~DTM*472*20130219~CAS*PR*1*104.4**45*35.6~REF*6R*038678011672~AMT*B6*104.4~LQ*HE*N130~CLP*678011675*1*280*163.1*116.9*13*E2YZ5QVKJ0000*11*1~NM1*QC*1*KEITH-WILSON*KENYAU****MI*W187952608~NM1*82*1*CHATMAN-FINLEY*DEBRA*D***XX*1346469632~REF*1L*0811305-020-00001- I~DTM*050*20130313~DTM*232*20130214~DTM*233*20130227~PER*CX**TE*8886323862~AMT*AU*280~SVC*HC:90837*140*98**1~DTM*472*20130214~CAS*PR*2*42~REF*6R*045678011675~AMT*B6*140~SVC*HC:90834*140*65.1**1~DTM*472*20130227~CAS*PR*2*27.9**45*47~REF*6R*046678011675~AMT*B6*93~LQ*HE*N130~SE*77*0001~GE*1*134145001~IEA*1*134145001~
