ISA*00*          *00*          *ZZ*330897513      *ZZ*ASSOCIATEDBC   *130321*1609*U*00401*134479656*0*P*:~GS*HP*330897513*ASSOCIATEDBC*20130321*1609*134479656*X*004010X091A1~ST*835*0001~BPR*H*0*C*NON************20130320~TRN*1*9681307795325 20130319 0052221*1411648670~REF*EV*870426777~REF*F2*1~DTM*405*20130320~N1*PR*CIGNA BEHAVIORAL HEALTH INC.~N3*P.O. BOX 182223~N4*CHATTANOOGA*TN*374227223~N1*PE*DEBRA D CHATMAN-FINLEY MS*FI*264224733~N3*134 W END AVE # 2~N4*SOMERVILLE*NJ*088761816~LX*1~CLP*680587559*4*140*0**13*9681307795325*11*1~NM1*QC*1*DRURY*SHANNON****MI*U4622015101~NM1*82*1*CHATMAN-FINLEY*DEBRA*D***FI*264224733~REF*1L*3332472~REF*CE*OPEN ACCESS PLUS~DTM*050*20130317~DTM*232*20130226~DTM*233*20130226~PER*CX*MEMBER SERVICES*TE*8002446224~SVC*HC:90834*140*0****1~CAS*CO*18*140~REF*6R*910680587559~SE*26*0001~GE*1*134479656~IEA*1*134479656~
