ISA*00*          *00*          *ZZ*330897513      *ZZ*ASSOCIATEDBC   *130323*1202*U*00401*134683853*0*P*:~GS*HP*330897513*ASSOCIATEDBC*20130323*1202*134683853*X*004010X091A1~ST*835*0001~BPR*H*0*C*NON************20130321~TRN*1*20130320120013700EZPS0*1591031071~REF*EV*562291693~REF*F2*GWFC~DTM*405*20130320~N1*PR*GREATWESTHEALTHCARE-CIGNA~N3*8505 E. ORCHARD RD~N4*GREENWOOD VILLAGE*CO*80111~REF*2U*80705~PER*CX*GWHC_EDIPROD*EM*GWHC_EDIPROD@CIGNA.COM*TE*3035665635~N1*PE*DEBRA D. CHATMAN-FINLEY*FI*264224733~N3*134 W END AVE*FL 2~N4*SOMERVILLE*NJ*088761816~REF*PQ*200005839959~LX*0~CLP*680587561*1*280*0**HM*130175435800*11~NM1*QC*1*GORDON*CHRISTINA****MI*1016146060~REF*1L*00607826~REF*CE*OPEN ACCESS PLUS~DTM*050*20130317~SVC*HC:90834*140*0**0**1~DTM*472*20130114~CAS*OA*18*140~REF*6R*915680587561~LQ*HE*M86~SVC*HC:90834*140*0**0**1~DTM*472*20130204~CAS*OA*18*140~REF*6R*916680587561~LQ*HE*M86~SE*32*0001~GE*1*134683853~IEA*1*134683853~
