ISA*00*          *00*          *ZZ*330897513      *ZZ*ASSOCIATEDBC   *130326*0531*U*00401*134854159*0*P*:~GS*HP*330897513*ASSOCIATEDBC*20130326*0531*134854159*X*004010X091A1~ST*835*0001~BPR*I*26.72*C*CHK************20130322~TRN*1*704309870*1411648670~REF*EV*870426777~REF*F2*1~DTM*405*20130323~N1*PR*CIGNA BEHAVIORAL HEALTH INC.~N3*P.O. BOX 182223~N4*CHATTANOOGA*TN*374227223~N1*PE*DEBRA D CHATMAN-FINLEY MS*XX*1346469632~N3*134 W END AVE # 2~N4*SOMERVILLE*NJ*088761816~REF*TJ*264224733~LX*1~CLP*682359013*1*140*26.72*40*13*9681308011835*11*1~NM1*QC*1*DRURY*SHANNON****MI*U4622015101~NM1*82*1*CHATMAN-FINLEY*DEBRA*D***FI*264224733~REF*1L*3332472~REF*CE*OPEN ACCESS PLUS~DTM*050*20130321~DTM*232*20130313~DTM*233*20130313~PER*CX*MEMBER SERVICES*TE*8002446224~AMT*AU*66.72~SVC*HC:90834*140*26.72**1~CAS*CO*45*73.28~CAS*PR*3*40~REF*6R*073682359013~AMT*B6*66.72~SE*30*0001~ST*835*0002~BPR*H*0*C*NON************20130325~TRN*1*9681308109308 20130323 0059076*1411648670~REF*EV*870426777~REF*F2*1~DTM*405*20130324~N1*PR*CIGNA BEHAVIORAL HEALTH INC.~N3*P.O. BOX 182223~N4*CHATTANOOGA*TN*374227223~N1*PE*DEBRA D CHATMAN-FINLEY MS*XX*1346469632~N3*134 W END AVE # 2~N4*SOMERVILLE*NJ*088761816~REF*TJ*264224733~LX*1~CLP*682986856*4*280*0**13*9681308109308*11*1~NM1*QC*1*DRURY*SHANNON****MI*U4622015101~NM1*82*1*CHATMAN-FINLEY*DEBRA*D***FI*264224733~REF*1L*3332472~REF*CE*OPEN ACCESS PLUS~DTM*050*20130322~DTM*232*20130226~DTM*233*20130313~PER*CX*MEMBER SERVICES*TE*8002446224~SVC*HC:90834*140*0****1~DTM*150*20130226~DTM*151*20130226~CAS*CO*18*140~REF*6R*465682986856~SVC*HC:90834*140*0****1~DTM*150*20130313~DTM*151*20130313~CAS*CO*18*140~REF*6R*466682986856~SE*34*0002~ST*835*0003~BPR*I*65.1*C*CHK************20130326~TRN*1*08325-090780890*1066033492~REF*EV*330897513~DTM*405*20130326~N1*PR*AETNA~N3*151 FARMINGTON AVENUE~N4*HARTFORD*CT*06156~N1*PE*CHATMAN-FINLEY, DEBRA D*XX*1346469632~N3*134 W END AVE FL 2~N4*SOMERVILLE*NJ*088761816~REF*PQ*183005000~REF*TJ*264224733~LX*1~TS3*1346469632*11*20131231*2*420~CLP*682359015*1*280*0*280*13*EBYZ6DG320000*11*1~NM1*QC*1*HAHN*KRISTINA~NM1*IL*1*HAHN*DEBRA****MI*W075948199~NM1*82*1*CHATMAN-FINLEY*DEBRA*D***XX*1346469632~REF*1L*0100462-042-00004-PX~REF*CE*AETNA CHOICE  POS II~DTM*050*20130321~DTM*232*20130305~DTM*233*20130312~PER*CX**TE*8886323862~AMT*AU*280~SVC*HC:90834*140*0**1~DTM*472*20130305~CAS*PR*1*104.4**45*35.6~REF*6R*075682359015~AMT*B6*104.4~LQ*HE*N130~SVC*HC:90834*140*0**1~DTM*472*20130312~CAS*PR*1*104.4**45*35.6~REF*6R*076682359015~AMT*B6*104.4~LQ*HE*N130~CLP*682359018*1*140*65.1*74.9*13*EC346B2470000*11*1~NM1*QC*1*KEITH-WILSON*KENYAU****MI*W187952608~NM1*82*1*CHATMAN-FINLEY*DEBRA*D***XX*1346469632~REF*1L*0811305-020-00001- I~DTM*050*20130321~DTM*232*20130306~DTM*233*20130306~PER*CX**TE*8886323862~AMT*AU*140~SVC*HC:90834*140*65.1**1~DTM*472*20130306~CAS*PR*2*27.9**45*47~REF*6R*081682359018~AMT*B6*93~LQ*HE*N130~SE*54*0003~ST*835*0004~BPR*H*0*C*NON************20130325~TRN*1*C89023085000424*1066033492~REF*EV*330897513~DTM*405*20130326~N1*PR*AETNA~N3*151 FARMINGTON AVENUE~N4*HARTFORD*CT*06156~N1*PE*CHATMAN-FINLEY, DEBRA D*XX*1346469632~N3*134 W END AVE FL 2~N4*SOMERVILLE*NJ*088761816~REF*PQ*183005000~REF*TJ*264224733~LX*1~TS3*1346469632*11*20131231*2*840~CLP*682359014*1*140*0*140*HM*130321E348860000*11*1~NM1*QC*1*GLOVER*ITIESHA****MI*BBTYBY6A~NM1*82*2*CHATMAN-FINLEY, DEBRA D*****XX*1346469632~REF*1L*01406E-046~REF*CE*NJ EMPLOYEE PLAN~DTM*050*20130321~DTM*232*20130305~DTM*233*20130305~PER*CX**TE*8006240756~SVC*HC:90834*140*0**0**1~DTM*472*20130305~CAS*PR*197*140*1~REF*6R*074682359014~LQ*HE*N130~CLP*682986857*1*700*0*700*HM*130322E451530000*11*1~NM1*QC*1*GLOVER*ITIESHA****MI*BBTYBY6A~NM1*82*2*CHATMAN-FINLEY, DEBRA D*****XX*1346469632~REF*1L*01406E-046~REF*CE*NJ EMPLOYEE PLAN~DTM*050*20130322~DTM*232*20130109~DTM*233*20130305~PER*CX**TE*8006240756~SVC*HC:90834*140*0**0**1~DTM*472*20130109~CAS*PR*197*140*1~REF*6R*467682986857~LQ*HE*N130~SVC*HC:90837*140*0**0**1~DTM*472*20130117~CAS*PR*197*140*1~REF*6R*468682986857~LQ*HE*N130~SVC*HC:90834*140*0**0**1~DTM*472*20130130~CAS*PR*197*140*1~REF*6R*469682986857~LQ*HE*N130~SVC*HC:90837*140*0**0**1~DTM*472*20130213~CAS*PR*197*140*1~REF*6R*470682986857~LQ*HE*N130~SVC*HC:90834*140*0**0**1~DTM*472*20130305~CAS*PR*197*140*1~REF*6R*471682986857~LQ*HE*N130~SE*64*0004~GE*4*134854159~IEA*1*134854159~
