ISA*00*          *00*          *ZZ*330897513      *ZZ*ASSOCIATEDBC   *130330*1619*U*00401*135394020*0*P*:~GS*HP*330897513*ASSOCIATEDBC*20130330*1619*135394020*X*004010X091A1~ST*835*0001~BPR*I*10.5*C*ACH*CCP*01*031100225*DA*2079950064280/*1220999690**01*231372691*DA*0181143836*20130326~TRN*1*0003331021*1220999690*8352013032801010788~REF*EV*1902991391~DTM*405*20130326~N1*PR*HORIZON BCBSNJ~N3*PAYOR ADDRESS 1~N4*NEWARK*NJ*071010420~REF*2U*22099~N1*PE*M M WIESE WAIBEL LCSW*XX*1902991391~N3*800 RARITAN RD~N4*CLARK*NJ*070661710~REF*PQ*2621359190~REF*TJ*262135919~LX*1~CLP*150227714 A*1*125*10.5*42.01*12*780281306808202   00**1~CAS*PR*96*42.01~CAS*OA*96*-42.01~NM1*QC*1*MARTIN*ANNA****MI*ISC740025605~NM1*82*2*M M WIESE WAIBEL LCSW*****XX*1902991391~MOA***MA69~DTM*050*20130309~DTM*232*20130123~DTM*233*20130123~PER*CX*ACCOUNTS DIRECT ACCESS*TE*8006244758~AMT*AU*60~AMT*T2*10.5~SVC*HC:99199*125*10.5**1*HC:90834~DTM*472*20130123~CAS*OA*23*114.5~REF*6R*LX#01~REF*HPI*1902991391~AMT*B6*60~SE*34*0001~GE*1*135394020~IEA*1*135394020~
