ISA*00*          *00*          *ZZ*330897513      *ZZ*ASSOCIATEDBC   *130401*1234*U*00401*135475073*0*P*:~GS*HP*330897513*ASSOCIATEDBC*20130401*1234*135475073*X*004010X091A1~ST*835*0001~BPR*I*45*C*ACH*CCP*01*031100225*DA*2079950064280/*1220999690**01*231372691*DA*0181143836*20130328~TRN*1*0003345377*1220999690*8352013032901420727~REF*EV*1902991391~DTM*405*20130328~N1*PR*HORIZON BCBSNJ~N3*PAYOR ADDRESS 1~N4*NEWARK*NJ*071010420~REF*2U*22099~N1*PE*M M WIESE WAIBEL LCSW*XX*1902991391~N3*800 RARITAN RD~N4*CLARK*NJ*070661710~REF*PQ*2621359190~REF*TJ*262135919~LX*1~CLP*3HZN36191530*1*125*45*15*13*780271308586041   00**1~NM1*QC*1*LENAHAN*MEAGHAN****MI*3HZN361915300~NM1*74*1*LENAHAN*MEAGHAN*M***C*NJX3HZN36191530~NM1*82*2*M M WIESE WAIBEL LCSW*****XX*1902991391~DTM*050*20130326~DTM*232*20130321~DTM*233*20130321~PER*CX*NJ DIRECT*TE*8006241110~AMT*AU*60~AMT*T2*45~SVC*HC:99199*125*45**1*HC:90834~DTM*472*20130321~CAS*PR*3*15~CAS*CO*45*65~REF*6R*7123HZN36191530~REF*HPI*1902991391~AMT*B6*60~SE*33*0001~ST*835*0002~BPR*I*103*C*ACH*CCP*01*031100225*DA*2079950064280/*1220999690**01*231372691*DA*0181143836*20130329~TRN*1*0003352728*1220999690*8352013033001560751~REF*EV*1902991391~DTM*405*20130329~N1*PR*HORIZON BCBSNJ~N3*PAYOR ADDRESS 1~N4*NEWARK*NJ*071010420~REF*2U*22099~N1*PE*M M WIESE WAIBEL LCSW*XX*1902991391~N3*800 RARITAN RD~N4*CLARK*NJ*070661710~REF*PQ*2621359190~REF*TJ*262135919~LX*1~CLP*683452150*1*125*44*25*12*780271308586037   00**1~NM1*QC*1*KARDOS*LISA****MI*SKQAN4254520~NM1*82*2*M M WIESE WAIBEL LCSW*****XX*1902991391~DTM*050*20130326~DTM*232*20130320~DTM*233*20130320~AMT*AU*69~AMT*T2*44~SVC*HC:99199*125*44**1*HC:90834~DTM*472*20130320~CAS*PR*3*25~CAS*CO*45*56~REF*6R*710683452150~REF*HPI*1902991391~AMT*B6*69~CLP*3HZN74465430*1*125*59*10*12*780281308501952   00**1~NM1*QC*1*DOHERTY*MARCELLE*N***MI*YHB3HZN74465430~NM1*IL*1*DOHERTY*DANIEL****MI*3HZN744654300~NM1*74*1*DOHERTY*DANIEL*J***C*3HZN744654300~NM1*82*2*M M WIESE WAIBEL LCSW*****XX*1902991391~DTM*050*20130326~DTM*232*20130322~DTM*233*20130322~PER*CX*NATIONAL ACCOUNTS SERVICED IN MT.LAUREL*TE*8006244758~AMT*AU*69~AMT*T2*59~SVC*HC:99199*125*59**1*HC:90834~DTM*472*20130322~CAS*PR*3*10~CAS*CO*45*56~REF*6R*7003HZN74465430~REF*HPI*1902991391~AMT*B6*69~SE*49*0002~GE*2*135475073~IEA*1*135475073~
