ISA*00*          *00*          *ZZ*330897513      *ZZ*ASSOCIATEDBC   *130331*1003*U*00401*135416349*0*P*:~GS*HP*330897513*ASSOCIATEDBC*20130331*1003*135416349*X*004010X091A1~ST*835*0001~BPR*H*0*C*NON************20130328~TRN*1*20130326115005990EZPS0*1591031071~REF*EV*562291693~REF*F2*GWFC~DTM*405*20130326~N1*PR*GREATWESTHEALTHCARE-CIGNA~N3*8505 E. ORCHARD RD~N4*GREENWOOD VILLAGE*CO*80111~REF*2U*80705~PER*CX*GWHC_EDIPROD*EM*GWHC_EDIPROD@CIGNA.COM*TE*3035665635~N1*PE*DEBRA D. CHATMAN-FINLEY*XX*1346469632~N3*134 W END AVE*FL 2~N4*SOMERVILLE*NJ*088761816~REF*PQ*200005839959~REF*TJ*264224733~LX*0~CLP*682986859*1*280*0**HM*130189281600*11~NM1*QC*1*GORDON*CHRISTINA****MI*1016146060~REF*1L*00607826~REF*CE*OPEN ACCESS PLUS~DTM*050*20130322~SVC*HC:90834*140*0**0**1~DTM*472*20130114~CAS*OA*18*140~REF*6R*475682986859~LQ*HE*M86~SVC*HC:90834*140*0**0**1~DTM*472*20130204~CAS*OA*18*140~REF*6R*476682986859~LQ*HE*M86~SE*33*0001~GE*1*135416349~IEA*1*135416349~
