ISA*00*          *00*          *ZZ*330897513      *ZZ*ASSOCIATEDBC   *130402*0335*U*00401*135562238*0*P*:~GS*HP*330897513*ASSOCIATEDBC*20130402*0335*135562238*X*004010X091A1~ST*835*0001~BPR*I*65.1*C*CHK************20130402~TRN*1*08325-090888499*1066033492~REF*EV*330897513~DTM*405*20130402~N1*PR*AETNA~N3*151 FARMINGTON AVENUE~N4*HARTFORD*CT*06156~N1*PE*CHATMAN-FINLEY, DEBRA D*XX*1346469632~N3*134 W END AVE FL 2~N4*SOMERVILLE*NJ*088761816~REF*PQ*183005000~REF*TJ*264224733~LX*1~TS3*1346469632*11*20131231*4*1540~CLP*682986860*1*840*0*840*13*EHYZ6DY0R0000*11*1~NM1*QC*1*HAHN*KRISTINA~NM1*IL*1*HAHN*DEBRA****MI*W075948199~NM1*82*1*CHATMAN-FINLEY*DEBRA*D***XX*1346469632~REF*1L*0100462-042-00004-PX~REF*CE*AETNA CHOICE  POS II~DTM*050*20130322~DTM*232*20130122~DTM*233*20130305~PER*CX**TE*8886323862~SVC*HC:90834*140*0**0**1~DTM*472*20130122~CAS*PR*96*140*1~REF*6R*477682986860~LQ*HE*N20~SVC*HC:90834*140*0**0**1~DTM*472*20130129~CAS*PR*96*140*1~REF*6R*478682986860~LQ*HE*N20~SVC*HC:90834*140*0**0**1~DTM*472*20130205~CAS*PR*96*140*1~REF*6R*479682986860~LQ*HE*N20~SVC*HC:90834*140*0**0**1~DTM*472*20130212~CAS*PR*96*140*1~REF*6R*480682986860~LQ*HE*N20~SVC*HC:90834*140*0**0**1~DTM*472*20130219~CAS*PR*96*140*1~REF*6R*481682986860~LQ*HE*N20~SVC*HC:90834*140*0**0**1~DTM*472*20130305~CAS*PR*96*140*1~REF*6R*482682986860~LQ*HE*N20~CLP*682986861*1*140*0*140*13*EJAA6DY6R0000*11*1~NM1*QC*1*HAHN*KRISTINA~NM1*IL*1*HAHN*DEBRA****MI*W075948199~NM1*82*1*CHATMAN-FINLEY*DEBRA*D***XX*1346469632~REF*1L*0100462-042-00004-PX~REF*CE*AETNA CHOICE  POS II~DTM*050*20130322~DTM*232*20130312~DTM*233*20130312~PER*CX**TE*8886323862~SVC*HC:90834*140*0**0**1~DTM*472*20130312~CAS*PR*96*140*1~REF*6R*483682986861~LQ*HE*N20~CLP*682986876*1*420*0*420*13*EJFA6DYVG0000*11*1~NM1*QC*1*KEITH-WILSON*KENYAU****MI*W187952608~NM1*82*1*CHATMAN-FINLEY*DEBRA*D***XX*1346469632~REF*1L*0811305-020-00001- I~DTM*050*20130322~DTM*232*20130214~DTM*233*20130306~PER*CX**TE*8886323862~SVC*HC:90837*140*0**0**1~DTM*472*20130214~CAS*PR*96*140*1~REF*6R*515682986876~LQ*HE*N20~SVC*HC:90834*140*0**0**1~DTM*472*20130227~CAS*PR*96*140*1~REF*6R*516682986876~LQ*HE*N20~SVC*HC:90834*140*0**0**1~DTM*472*20130306~CAS*PR*96*140*1~REF*6R*517682986876~LQ*HE*N20~CLP*684895730*1*140*65.1*74.9*13*EPAA6GNQJ0000*11*1~NM1*QC*1*KEITH-WILSON*KENYAU****MI*W187952608~NM1*82*1*CHATMAN-FINLEY*DEBRA*D***XX*1346469632~REF*1L*0811305-020-00001- I~DTM*050*20130327~DTM*232*20130321~DTM*233*20130321~PER*CX**TE*8886323862~AMT*AU*140~SVC*HC:90834*140*65.1**1~DTM*472*20130321~CAS*PR*2*27.9**45*47~AMT*B6*93~LQ*HE*N130~SE*108*0001~GE*1*135562238~IEA*1*135562238~
