ISA*00*          *00*          *ZZ*330897513      *ZZ*ASSOCIATEDBC   *130402*1813*U*00401*135668754*0*P*:~GS*HP*330897513*ASSOCIATEDBC*20130402*1813*135668754*X*004010X091A1~ST*835*0001~BPR*H*0*C*NON************20130329~TRN*1*F414742845*1220999690*22099~DTM*405*20130329~N1*PR*HORIZON BCBSNJ~N3*3 PENN PLAZA~N4*NEWARK*NJ*071010420~REF*2U*22099~PER*CX**TE*8883349242~N1*PE*M M WIESE WAIBEL LCSW*XX*1902991391~N3*800 RARITAN ROAD~N4*CLARK*NJ*070660000~REF*TJ*262135919~LX*1~CLP*HSE3HZN63444600*4*250*0*250*15*26130857642500780*99*1~NM1*QC*1*GRANT*MACY****MI*3HZN6344460~NM1*IL*1*MOUNT*TIMOTHY*S***MI*3HZN6344460~DTM*050*20130322~DTM*232*20121031~DTM*233*20121127~SVC*HC:90806*125*0**1~DTM*472*20121031~CAS*PR*31*125~REF*6R*000001~SVC*HC:90806*125*0**1~DTM*472*20121127~CAS*PR*31*125~REF*6R*000002~SE*29*0001~GE*1*135668754~IEA*1*135668754~
