ISA*00*          *00*          *ZZ*330897513      *ZZ*ASSOCIATEDBC   *130405*2129*U*00401*136098894*0*P*:~GS*HP*330897513*ASSOCIATEDBC*20130405*2129*136098894*X*004010X091A1~ST*835*0001~BPR*I*32.62*C*ACH*CCP*01*031100225*DA*2079950064280/*1220999690**01*231372691*DA*0181143836*20130402~TRN*1*0003367852*1220999690*8352013040414350787~REF*EV*1902991391~DTM*405*20130402~N1*PR*HORIZON BCBSNJ~N3*PAYOR ADDRESS 1~N4*NEWARK*NJ*071010420~REF*2U*22099~N1*PE*M M WIESE WAIBEL LCSW*XX*1902991391~N3*800 RARITAN RD~N4*CLARK*NJ*070661710~REF*PQ*2621359190~REF*TJ*262135919~LX*1~CLP*143342949A*2*125*12.62*10*13*780271308938075   00**1~NM1*QC*1*COSQUER*DOLORES****MI*3HZN22671350~NM1*82*2*M M WIESE WAIBEL LCSW*****XX*1902991391~DTM*050*20130330~DTM*232*20130213~DTM*233*20130213~PER*CX*NJ DIRECT*TE*8006241110~AMT*AU*64.63~AMT*T2*12.62~SVC*HC:99199*125*12.62**1*HC:90834~DTM*472*20130213~CAS*PR*3*10~CAS*OA*23*102.38~REF*6R*LX#01~REF*HPI*1902991391~AMT*B6*64.63~CLP*151662088A*2*125*20*2.62*13*780271306880446   00**1~NM1*QC*1*CICALESE*KRISTA*A***MI*3HZN98001790~NM1*82*2*M M WIESE WAIBEL LCSW*****XX*1902991391~DTM*050*20130309~DTM*232*20130128~DTM*233*20130128~PER*CX*NATIONAL ACCOUNTS POS*TE*8006244758~AMT*AU*60~AMT*T2*20~SVC*HC:99199*125*20**1*HC:90834~DTM*472*20130128~CAS*PR*3*40**204*-37.38~CAS*OA*23*102.38~REF*6R*LX#01~REF*HPI*1902991391~AMT*B6*60~SE*48*0001~ST*835*0002~BPR*I*35*C*ACH*CCP*01*031100225*DA*2079950064280/*1220999690**01*231372691*DA*0181143836*20130403~TRN*1*0003375111*1220999690*8352013040401210734~REF*EV*1902991391~DTM*405*20130403~N1*PR*HORIZON BCBSNJ~N3*PAYOR ADDRESS 1~N4*NEWARK*NJ*071010420~REF*2U*22099~N1*PE*M M WIESE WAIBEL LCSW*XX*1902991391~N3*800 RARITAN RD~N4*CLARK*NJ*070661710~REF*PQ*2621359190~REF*TJ*262135919~LX*1~CLP*HSE3HZN63444600*1*125*35*25*13*780261308576810   00**1~NM1*QC*1*GRANT*MACY****MI*3HZN63444600~NM1*IL*1*MOUNT*TIMOTHY*S***MI*3HZN634446000~NM1*82*2*M M WIESE WAIBEL LCSW*****XX*1902991391~DTM*050*20130322~DTM*232*20130218~DTM*233*20130218~PER*CX*NATIONAL ACCOUNTS POS*TE*8006244758~AMT*AU*60~AMT*T2*35~SVC*HC:99199*125*35**1*HC:90834~DTM*472*20130218~CAS*PR*3*25~CAS*CO*45*65~REF*6R*000001~REF*HPI*1902991391~AMT*B6*60~SE*33*0002~GE*2*136098894~IEA*1*136098894~
