ISA*00*          *00*          *ZZ*330897513      *ZZ*ASSOCIATEDBC   *130408*1132*U*00401*136213544*0*P*:~GS*HP*330897513*ASSOCIATEDBC*20130408*1132*136213544*X*004010X091A1~ST*835*0001~BPR*I*108*C*ACH*CCP*01*031100225*DA*2079950064280/*1220999690**01*231372691*DA*0181143836*20130404~TRN*1*0003381926*1220999690*8352013040502250733~REF*EV*1902991391~DTM*405*20130404~N1*PR*HORIZON BCBSNJ~N3*PAYOR ADDRESS 1~N4*NEWARK*NJ*071010420~REF*2U*22099~N1*PE*M M WIESE WAIBEL LCSW*XX*1902991391~N3*800 RARITAN RD~N4*CLARK*NJ*070661710~REF*PQ*2621359190~REF*TJ*262135919~LX*1~CLP*3HZN56316950*1*125*54*15*12*780271308520160   00**1~NM1*QC*1*DUFFY*JULIE****MI*3HZN563169500~NM1*74*1*DUFFY*JULIE*A***C*YHB3HZN56316950~NM1*82*2*M M WIESE WAIBEL LCSW*****XX*1902991391~DTM*050*20130326~DTM*232*20130322~DTM*233*20130322~PER*CX*NATIONAL ACCOUNTS SERVICED IN MT.LAUREL*TE*8006244758~AMT*AU*69~AMT*T2*54~SVC*HC:99199*125*54**1*HC:90834~DTM*472*20130322~CAS*PR*3*15~CAS*CO*45*56~REF*6R*7013HZN56316950~REF*HPI*1902991391~AMT*B6*69~CLP*3HZN14345840*1*125*54*15*12*780271308581468   00**1~NM1*QC*1*GREFFER*CHANTAL****MI*3HZN143458400~NM1*74*1*GREFFER*CHANTAL*M***C*YHB3HZN14345840~NM1*82*2*M M WIESE WAIBEL LCSW*****XX*1902991391~DTM*050*20130326~DTM*232*20130318~DTM*233*20130318~PER*CX*NATIONAL ACCOUNTS SERVICED IN MT.LAUREL*TE*8006244758~AMT*AU*69~AMT*T2*54~SVC*HC:99199*125*54**1*HC:90834~DTM*472*20130318~CAS*PR*3*15~CAS*CO*45*56~REF*6R*7083HZN14345840~REF*HPI*1902991391~AMT*B6*69~SE*50*0001~ST*835*0002~BPR*I*80*C*ACH*CCP*01*031100225*DA*2079950064280/*1220999690**01*231372691*DA*0181143836*20130405~TRN*1*0003389495*1220999690*8352013040602250793~REF*EV*1902991391~DTM*405*20130405~N1*PR*HORIZON BCBSNJ~N3*PAYOR ADDRESS 1~N4*NEWARK*NJ*071010420~REF*2U*22099~N1*PE*M M WIESE WAIBEL LCSW*XX*1902991391~N3*800 RARITAN RD~N4*CLARK*NJ*070661710~REF*PQ*2621359190~REF*TJ*262135919~LX*1~CLP*3HZN03939260*1*125*45*15*13*780271308581470   00**1~NM1*QC*1*SOMERS*ELAINE****MI*YHQ3HZN03939260~NM1*IL*1*SOMERS*ROBERT****MI*3HZN039392600~NM1*82*2*M M WIESE WAIBEL LCSW*****XX*1902991391~DTM*050*20130326~DTM*232*20130322~DTM*233*20130322~PER*CX*HORIZON BLUE CROSS BLUE SHIELD OF NEW JERSEY DIRECT ACCESS*TE*8006241110~AMT*AU*60~AMT*T2*45~SVC*HC:99199*125*45**1*HC:90834~DTM*472*20130322~CAS*PR*3*15~CAS*CO*45*65~REF*6R*7233HZN03939260~REF*HPI*1902991391~AMT*B6*60~CLP*HSE3HZN63444600*4*125*0**13*780271309477112   00**1~NM1*QC*1*GRANT*MACY****MI*3HZN63444600~NM1*IL*1*MOUNT*TIMOTHY*S***MI*3HZN634446000~NM1*82*2*M M WIESE WAIBEL LCSW*****XX*1902991391~DTM*050*20130402~DTM*232*20130218~DTM*233*20130218~PER*CX*NATIONAL ACCOUNTS POS*TE*8006244758~SVC*HC:99199*125*0**1*HC:90834~DTM*472*20130218~CAS*OA*18*125~REF*6R*000001~REF*HPI*1902991391~CLP*3HZN69937170*1*125*35*25*13*780271308520574   00**1~NM1*QC*1*ORSINI*SUSAN*J***MI*HEF3HZN69937170~NM1*IL*1*ORSINI*NICHOLAS****MI*3HZN699371700~NM1*74*1*ORSINI*NICHOLAS*R***C*3HZN699371700~NM1*82*2*M M WIESE WAIBEL LCSW*****XX*1902991391~DTM*050*20130326~DTM*232*20130320~DTM*233*20130320~PER*CX*NATIONAL ACCOUNTS POS*TE*8006244758~AMT*AU*60~AMT*T2*35~SVC*HC:99199*125*35**1*HC:90834~DTM*472*20130320~CAS*PR*3*25~CAS*CO*45*65~REF*6R*7203HZN69937170~REF*HPI*1902991391~AMT*B6*60~SE*64*0002~GE*2*136213544~IEA*1*136213544~
