ISA*00*          *00*          *ZZ*330897513      *ZZ*ASSOCIATEDBC   *130409*1759*U*00401*136417725*0*P*:~GS*HP*330897513*ASSOCIATEDBC*20130409*1759*136417725*X*004010X091A1~ST*835*0001~BPR*I*525*C*ACH*CCP*01*031100225*DA*2079950064280/*1220999690**01*231372691*DA*0181143836*20130406~TRN*1*0003397048*1220999690*8352013040802160774~REF*EV*1902991391~DTM*405*20130406~N1*PR*HORIZON BCBSNJ~N3*PAYOR ADDRESS 1~N4*NEWARK*NJ*071010420~REF*2U*22099~N1*PE*M M WIESE WAIBEL LCSW*XX*1902991391~N3*800 RARITAN RD~N4*CLARK*NJ*070661710~REF*PQ*2621359190~REF*TJ*262135919~LX*1~CLP*MKGAN3670307*1*125*44*25*12*780271308520159   00**1~NM1*QC*1*FRANCIS*TIFFANY****MI*MKGAN3670307~NM1*82*2*M M WIESE WAIBEL LCSW*****XX*1902991391~DTM*050*20130326~DTM*232*20130322~DTM*233*20130322~AMT*AU*69~AMT*T2*44~SVC*HC:99199*125*44**1*HC:90834~DTM*472*20130322~CAS*PR*3*25~CAS*CO*45*56~REF*6R*705MKGAN3670307~REF*HPI*1902991391~AMT*B6*69~CLP*BLM88988917*1*125*44*25*12*780271308520569   00**1~NM1*QC*1*STRYKER*MELISSA****MI*BLM88988917~NM1*IL*1*MARTA*THOMAS*J***MI*BLM88988917~NM1*82*2*M M WIESE WAIBEL LCSW*****XX*1902991391~DTM*050*20130326~DTM*232*20130318~DTM*233*20130318~AMT*AU*69~AMT*T2*44~SVC*HC:99199*125*44**1*HC:90834~DTM*472*20130318~CAS*PR*3*25~CAS*CO*45*56~REF*6R*724BLM88988917~REF*HPI*1902991391~AMT*B6*69~CLP*BLM88988917*1*125*0*125*12*780271309229030   00**1~NM1*QC*1*STRYKER*MELISSA****MI*BLM88988917~NM1*IL*1*MARTA*THOMAS*J***MI*BLM88988917~NM1*82*2*M M WIESE WAIBEL LCSW*****XX*1902991391~DTM*050*20130401~DTM*232*20130114~DTM*233*20130114~SVC*HC:99199*125*0**1*HC:90834~DTM*472*20130114~CAS*PR*18*125~REF*6R*000001~REF*HPI*1902991391~CLP*3HZN55672980*1*125*54*6*13*780271309434732   00**1~NM1*QC*1*BAKER DRUMMOND*ANASTACIA****MI*NJX3HZN55672980~NM1*IL*1*DRUMMOND*BERESFORD****MI*3HZN556729800~NM1*82*2*M M WIESE WAIBEL LCSW*****XX*1902991391~DTM*050*20130404~DTM*232*20130329~DTM*233*20130329~PER*CX*NJ DIRECT*TE*8006241110~AMT*AU*60~AMT*T2*54~SVC*HC:99199*125*54**1*HC:90834~DTM*472*20130329~CAS*PR*2*6~CAS*CO*45*65~REF*6R*3013HZN55672980~REF*HPI*1902991391~AMT*B6*60~CLP*3HZN71563020*1*125*50*10*13*780271308582122   00**1~NM1*QC*1*BONILLA*NANCY****MI*NJX3HZN71563020~NM1*82*2*M M WIESE WAIBEL LCSW*****XX*1902991391~DTM*050*20130326~DTM*232*20130319~DTM*233*20130319~PER*CX*NJ DIRECT*TE*8006241110~AMT*AU*60~AMT*T2*50~SVC*HC:99199*125*50**1*HC:90834~DTM*472*20130319~CAS*PR*3*10~CAS*CO*45*65~REF*6R*6943HZN71563020~REF*HPI*1902991391~AMT*B6*60~CLP*3HZN71563020*1*125*50*10*13*780271309430532   00**1~NM1*QC*1*BONILLA*NANCY****MI*NJX3HZN71563020~NM1*82*2*M M WIESE WAIBEL LCSW*****XX*1902991391~DTM*050*20130404~DTM*232*20130326~DTM*233*20130326~PER*CX*NJ DIRECT*TE*8006241110~AMT*AU*60~AMT*T2*50~SVC*HC:99199*125*50**1*HC:90834~DTM*472*20130326~CAS*PR*3*10~CAS*CO*45*65~REF*6R*3053HZN71563020~REF*HPI*1902991391~AMT*B6*60~CLP*3HZN85261690*1*125*45*15*13*780271309435311   00**1~NM1*QC*1*CORNWELL*ELIZABETH****MI*3HZN852616900~NM1*74*1*CORNWELL*ELIZABETH*H***C*NJX3HZN85261690~NM1*82*2*M M WIESE WAIBEL LCSW*****XX*1902991391~DTM*050*20130404~DTM*232*20130325~DTM*233*20130325~PER*CX*NJ DIRECT*TE*8006241110~AMT*AU*60~AMT*T2*45~SVC*HC:99199*125*45**1*HC:90834~DTM*472*20130325~CAS*PR*3*15~CAS*CO*45*65~REF*6R*3093HZN85261690~REF*HPI*1902991391~AMT*B6*60~CLP*3HZN36191530*1*125*45*15*13*780271309430527   00**1~NM1*QC*1*LENAHAN*MEAGHAN****MI*3HZN361915300~NM1*74*1*LENAHAN*MEAGHAN*M***C*NJX3HZN36191530~NM1*82*2*M M WIESE WAIBEL LCSW*****XX*1902991391~DTM*050*20130404~DTM*232*20130328~DTM*233*20130328~PER*CX*NJ DIRECT*TE*8006241110~AMT*AU*60~AMT*T2*45~SVC*HC:99199*125*45**1*HC:90834~DTM*472*20130328~CAS*PR*3*15~CAS*CO*45*65~REF*6R*3573HZN36191530~REF*HPI*1902991391~AMT*B6*60~CLP*3HZN15469020*1*125*45*15*13*780271309439443   00**1~NM1*QC*1*MONDI*NICHOL****MI*NJX3HZN15469020~NM1*IL*1*MONDI*FREDERICK****MI*3HZN154690200~NM1*74*1*MONDI*FREDERICK*B***C*3HZN154690200~NM1*82*2*M M WIESE WAIBEL LCSW*****XX*1902991391~DTM*050*20130404~DTM*232*20130325~DTM*233*20130325~PER*CX*NJ DIRECT*TE*8006241110~AMT*AU*60~AMT*T2*45~SVC*HC:99199*125*45**1*HC:90834~DTM*472*20130325~CAS*PR*3*15~CAS*CO*45*65~REF*6R*3603HZN15469020~REF*HPI*1902991391~AMT*B6*60~CLP*3HZN56316950*1*125*54*15*12*780271309434742   00**1~NM1*QC*1*DUFFY*JULIE****MI*3HZN563169500~NM1*74*1*DUFFY*JULIE*A***C*YHB3HZN56316950~NM1*82*2*M M WIESE WAIBEL LCSW*****XX*1902991391~DTM*050*20130404~DTM*232*20130329~DTM*233*20130329~PER*CX*NATIONAL ACCOUNTS SERVICED IN MT.LAUREL*TE*8006244758~AMT*AU*69~AMT*T2*54~SVC*HC:99199*125*54**1*HC:90834~DTM*472*20130329~CAS*PR*3*15~CAS*CO*45*56~REF*6R*3123HZN56316950~REF*HPI*1902991391~AMT*B6*69~CLP*3HZN14345840*1*125*54*15*12*780271309439455   00**1~NM1*QC*1*GREFFER*CHANTAL****MI*3HZN143458400~NM1*74*1*GREFFER*CHANTAL*M***C*YHB3HZN14345840~NM1*82*2*M M WIESE WAIBEL LCSW*****XX*1902991391~DTM*050*20130404~DTM*232*20130325~DTM*233*20130325~PER*CX*NATIONAL ACCOUNTS SERVICED IN MT.LAUREL*TE*8006244758~AMT*AU*69~AMT*T2*54~SVC*HC:99199*125*54**1*HC:90834~DTM*472*20130325~CAS*PR*3*15~CAS*CO*45*56~REF*6R*3363HZN14345840~REF*HPI*1902991391~AMT*B6*69~CLP*3HZN96735280*1*250*40*98*15*780271309417672   00**1~NM1*QC*1*MENDEZ*ERIKA****MI*YHC3HZN96735280~NM1*IL*1*MENDEZ*JUAN*C***MI*3HZN967352800~NM1*82*2*M M WIESE WAIBEL LCSW*****XX*1902991391~DTM*050*20130402~DTM*232*20130204~DTM*233*20130211~PER*CX*NATIONAL ACCOUNTS SERVICED IN MT.LAUREL*TE*8006244758~AMT*AU*138~AMT*T2*40~SVC*HC:99199*125*20**1*HC:90834~DTM*472*20130204~CAS*PR*204*49~CAS*CO*45*16~CAS*OA*204*40~REF*6R*000001~REF*HPI*1902991391~AMT*B6*69~SVC*HC:99199*125*20**1*HC:90834~DTM*472*20130211~CAS*PR*204*49~CAS*CO*45*16~CAS*OA*204*40~REF*6R*000002~REF*HPI*1902991391~AMT*B6*69~SE*220*0001~ST*835*0002~BPR*I*260*C*CHK******1043270923******20130408~TRN*1*001624535*1043270923~REF*EV*SL0002~REF*F2*3000-001~DTM*405*20130405~N1*PR*TUFTS BENEFIT ADMINISTRATORS INC.~N3*PO BOX 9185~N4*WATERTOWN*MA*024719185~REF*2U*04298~PER*CX*EDI OPERATIONS*TE*8888808699*EX*4042~N1*PE*GULLA JAMES P. LCMHC*XX*1922200658~LX*1~CLP*686636283*1*325*260*65*12*3093BDXY~NM1*QC*1*WYMAN*ARTHUR****MI*776987405   02~SVC*HC:90837*100*80**1~DTM*472*20130221~CAS*PR*2*20~REF*6R*722686636283~AMT*B6*100~SVC*HC:90837*100*80**1~DTM*472*20130227~CAS*PR*2*20~REF*6R*723686636283~AMT*B6*100~SVC*HC:90837*125*100**1~DTM*472*20130306~CAS*PR*2*25~REF*6R*724686636283~AMT*B6*125~SE*31*0002~GE*2*136417725~IEA*1*136417725~
