ISA*00*          *00*          *ZZ*330897513      *ZZ*ASSOCIATEDBC   *130411*1226*U*00401*136662434*0*P*:~GS*HP*330897513*ASSOCIATEDBC*20130411*1226*136662434*X*004010X091A1~ST*835*0001~BPR*H*0*C*NON************20130409~TRN*1*CC9033100000245*1066033492~REF*EV*330897513~DTM*405*20130410~N1*PR*AETNA~N3*151 FARMINGTON AVENUE~N4*HARTFORD*CT*06156~N1*PE*CHATMAN-FINLEY, DEBRA D*XX*1346469632~N3*134 W END AVE FL 2~N4*SOMERVILLE*NJ*088761816~REF*PQ*183005000~REF*TJ*264224733~LX*1~TS3*1346469632*11*20131231*1*280~CLP*688827171*1*280*0*280*HM*130408E278710000*11*1~NM1*QC*1*GLOVER*ITIESHA****MI*BBTYBY6A~NM1*82*2*CHATMAN-FINLEY, DEBRA D*****XX*1346469632~REF*1L*01406E-046~REF*CE*NJ EMPLOYEE PLAN~DTM*050*20130408~DTM*232*20130305~DTM*233*20130318~PER*CX**TE*8006240756~SVC*HC:90834*140*0**0**1~DTM*472*20130305~CAS*PR*197*140*1~REF*6R*821688827171~LQ*HE*N130~SVC*HC:90834*140*0**0**1~DTM*472*20130318~CAS*PR*197*140*1~REF*6R*823688827171~LQ*HE*N130~SE*35*0001~ST*835*0002~BPR*H*0*C*NON************20130410~TRN*1*9681309897691 20130409 0055914*1411648670~REF*EV*870426777~REF*F2*1~DTM*405*20130410~N1*PR*CIGNA BEHAVIORAL HEALTH INC.~N3*P.O. BOX 182223~N4*CHATTANOOGA*TN*374227223~N1*PE*DEBRA D CHATMAN-FINLEY MS*XX*1346469632~N3*134 W END AVE # 2~N4*SOMERVILLE*NJ*088761816~REF*TJ*264224733~LX*1~CLP*688827169*4*140*0**13*9681309897691*11*1~NM1*QC*1*DRURY*SHANNON****MI*U4622015101~NM1*82*1*CHATMAN-FINLEY*DEBRA*D***FI*264224733~REF*1L*3332472~REF*CE*OPEN ACCESS PLUS~DTM*050*20130406~DTM*232*20130313~DTM*233*20130313~PER*CX*MEMBER SERVICES*TE*8002446224~SVC*HC:90834*140*0****1~CAS*CO*18*140~REF*6R*820688827169~SE*27*0002~GE*2*136662434~IEA*1*136662434~
