ISA*00*          *00*          *ZZ*330897513      *ZZ*ASSOCIATEDBC   *130411*1709*U*00401*136701772*0*P*:~GS*HP*330897513*ASSOCIATEDBC*20130411*1709*136701772*X*004010X091A1~ST*835*0001~BPR*I*55.5*C*ACH*CCP*01*031100225*DA*2079950064280/*1220999690**01*231372691*DA*0181143836*20130409~TRN*1*0003404343*1220999690*8352013041001000715~REF*EV*1902991391~DTM*405*20130409~N1*PR*HORIZON BCBSNJ~N3*PAYOR ADDRESS 1~N4*NEWARK*NJ*071010420~REF*2U*22099~N1*PE*M M WIESE WAIBEL LCSW*XX*1902991391~N3*800 RARITAN RD~N4*CLARK*NJ*070661710~REF*PQ*2621359190~REF*TJ*262135919~LX*1~CLP*3HZN85261690*1*125*45*15*13*780271308520584   00**1~NM1*QC*1*CORNWELL*ELIZABETH****MI*3HZN852616900~NM1*74*1*CORNWELL*ELIZABETH*H***C*NJX3HZN85261690~NM1*82*2*M M WIESE WAIBEL LCSW*****XX*1902991391~DTM*050*20130326~DTM*232*20130318~DTM*233*20130318~PER*CX*NJ DIRECT*TE*8006241110~AMT*AU*60~AMT*T2*45~SVC*HC:99199*125*45**1*HC:90834~DTM*472*20130318~CAS*PR*3*15~CAS*CO*45*65~REF*6R*6963HZN85261690~REF*HPI*1902991391~AMT*B6*60~CLP*150227714 A*1*125*10.5*42.01*12*780271308704423   00**1~CAS*PR*96*42.01~CAS*OA*96*-42.01~NM1*QC*1*MARTIN*ANNA****MI*ISC740025605~NM1*82*2*M M WIESE WAIBEL LCSW*****XX*1902991391~MOA***MA69~DTM*050*20130328~DTM*232*20130211~DTM*233*20130211~PER*CX*ACCOUNTS DIRECT ACCESS*TE*8006244758~AMT*AU*60~AMT*T2*10.5~SVC*HC:99199*125*10.5**1*HC:90834~DTM*472*20130211~CAS*OA*23*114.5~REF*6R*LX#01~REF*HPI*1902991391~AMT*B6*60~SE*51*0001~ST*835*0002~BPR*I*93*C*ACH*CCP*01*031100225*DA*2079950064280/*1220999690**01*231372691*DA*0181143836*20130410~TRN*1*0003411320*1220999690*8352013041101240686~REF*EV*1902991391~DTM*405*20130410~N1*PR*HORIZON BCBSNJ~N3*PAYOR ADDRESS 1~N4*NEWARK*NJ*071010420~REF*2U*22099~N1*PE*M M WIESE WAIBEL LCSW*XX*1902991391~N3*800 RARITAN RD~N4*CLARK*NJ*070661710~REF*PQ*2621359190~REF*TJ*262135919~LX*1~CLP*ROQ5052733500*1*125*44*25*12*780271309434723   00**1~NM1*QC*1*KOVATCH*LISA****MI*ROQ5052733500~NM1*82*2*M M WIESE WAIBEL LCSW*****XX*1902991391~DTM*050*20130404~DTM*232*20130327~DTM*233*20130327~AMT*AU*69~AMT*T2*44~SVC*HC:99199*125*44**1*HC:90834~DTM*472*20130327~CAS*PR*3*25~CAS*CO*45*56~REF*6R*339ROQ5052733500~REF*HPI*1902991391~AMT*B6*69~CLP*DZVAN4492387*1*125*49*20*12*780271309437754   00**1~NM1*QC*1*PRIBUSH*KATHLEEN****MI*DZVAN4492387~NM1*IL*1*PRIBUSH*JEFF****MI*DZVAN4492387~NM1*82*2*M M WIESE WAIBEL LCSW*****XX*1902991391~DTM*050*20130404~DTM*232*20130327~DTM*233*20130327~AMT*AU*69~AMT*T2*49~SVC*HC:99199*125*49**1*HC:90834~DTM*472*20130327~CAS*PR*3*20~CAS*CO*45*56~REF*6R*365DZVAN4492387~REF*HPI*1902991391~AMT*B6*69~SE*47*0002~GE*2*136701772~IEA*1*136701772~
