ISA*00*          *00*          *ZZ*330897513      *ZZ*ASSOCIATEDBC   *130413*1301*U*00401*136906819*0*P*:~GS*HP*330897513*ASSOCIATEDBC*20130413*1301*136906819*X*004010X091A1~ST*835*0001~BPR*I*66.72*C*CHK************20130410~TRN*1*712304354*1591031071~REF*EV*562291693~REF*F2*GWFC~DTM*405*20130410~N1*PR*GREATWESTHEALTHCARE-CIGNA~N3*8505 E. ORCHARD RD~N4*GREENWOOD VILLAGE*CO*80111~REF*2U*80705~PER*CX*GWHC_EDIPROD*EM*GWHC_EDIPROD@CIGNA.COM*TE*3035665635~N1*PE*DEBRA D. CHATMAN-FINLEY*XX*1346469632~N3*134 W END AVE*FL 2~N4*SOMERVILLE*NJ*088761816~REF*PQ*200005839959~REF*TJ*264224733~LX*0~CLP*688827172*1*140*66.72**13*130223314200*11~NM1*QC*1*GORDON*CHRISTINA****MI*1016146060~REF*1L*00607826~REF*CE*OPEN ACCESS PLUS~DTM*050*20130406~AMT*AU*66.72~SVC*HC:90834*140*66.72**1~DTM*472*20130325~CAS*CO*45*73.28~REF*6R*824688827172~AMT*B6*66.72~SE*29*0001~GE*1*136906819~IEA*1*136906819~
