ISA*00*          *00*          *ZZ*330897513      *ZZ*ASSOCIATEDBC   *130415*1519*U*00401*137014470*0*P*:~GS*HP*330897513*ASSOCIATEDBC*20130415*1519*137014470*X*004010X091A1~ST*835*0001~BPR*I*49*C*ACH*CCP*01*031100225*DA*2079950064280/*1220999690**01*231372691*DA*0181143836*20130411~TRN*1*0003418621*1220999690*8352013041222200750~REF*EV*1902991391~DTM*405*20130411~N1*PR*HORIZON BCBSNJ~N3*PAYOR ADDRESS 1~N4*NEWARK*NJ*071010420~REF*2U*22099~N1*PE*M M WIESE WAIBEL LCSW*XX*1902991391~N3*800 RARITAN RD~N4*CLARK*NJ*070661710~REF*PQ*2621359190~REF*TJ*262135919~LX*1~CLP*658193533*22*-125*0**12*780261301888703   01**1~NM1*QC*1*RABADEAU*KATHLEEN****MI*DZVAN4490966~NM1*82*2*M M WIESE WAIBEL LCSW*****XX*1902991391~DTM*050*20130329~DTM*232*20130115~DTM*233*20130115~SVC*HC:99199*-125*0**1*HC:90834~DTM*472*20130115~CAS*CR*181*-125~REF*6R*762658193533~REF*HPI*1902991391~CLP*658193533*1*125*49*20*12*780261301888703   02**1~NM1*QC*1*RABADEAU*KATHLEEN****MI*DZVAN4490966~NM1*82*2*M M WIESE WAIBEL LCSW*****XX*1902991391~DTM*050*20130329~DTM*232*20130115~DTM*233*20130115~AMT*AU*69~AMT*T2*49~SVC*HC:99199*125*49**1*HC:90834~DTM*472*20130115~CAS*PR*3*20~CAS*CO*45*56~REF*6R*762658193533~REF*HPI*1902991391~AMT*B6*69~SE*42*0001~GE*1*137014470~IEA*1*137014470~
