ISA*00*          *00*          *ZZ*330897513      *ZZ*ASSOCIATEDBC   *130416*0759*U*00401*137094924*0*P*:~GS*HP*330897513*ASSOCIATEDBC*20130416*0759*137094924*X*004010X091A1~ST*835*0001~BPR*I*155.4*C*CHK************20130416~TRN*1*09822-008777247*1066033492~REF*EV*330897513~DTM*405*20130416~N1*PR*AETNA~N3*151 FARMINGTON AVENUE~N4*HARTFORD*CT*06156~N1*PE*CHATMAN-FINLEY, DEBRA D*XX*1346469632~N3*134 W END AVE FL 2~N4*SOMERVILLE*NJ*088761816~REF*PQ*183005000~REF*TJ*264224733~LX*1~TS3*1346469632*11*20131231*1*300~CLP*688827193*1*300*155.4*144.6*13*E5TV536MH0000*11*1~NM1*QC*1*PASKE*TARA~NM1*IL*1*PASKE*MARK****MI*W17941436703~NM1*74*1******C*W179414367~NM1*82*1*CHATMAN-FINLEY*DEBRA*D***XX*1346469632~REF*1L*0307138-010-00005-MA~REF*CE*AETNA CHOICE  POS II~DTM*050*20130408~DTM*232*20130320~DTM*233*20130327~PER*CX**TE*8886323862~AMT*AU*300~SVC*HC:90847*150*77.7**1~DTM*472*20130320~CAS*PR*2*33.3**45*39~REF*6R*856688827193~AMT*B6*111~LQ*HE*N130~SVC*HC:90847*150*77.7**1~DTM*472*20130327~CAS*PR*2*33.3**45*39~REF*6R*857688827193~AMT*B6*111~LQ*HE*N130~SE*40*0001~ST*835*0002~BPR*I*65.1*C*CHK************20130416~TRN*1*08325-091106045*1066033492~REF*EV*330897513~DTM*405*20130416~N1*PR*AETNA~N3*151 FARMINGTON AVENUE~N4*HARTFORD*CT*06156~N1*PE*CHATMAN-FINLEY, DEBRA D*XX*1346469632~N3*134 W END AVE FL 2~N4*SOMERVILLE*NJ*088761816~REF*PQ*183005000~REF*TJ*264224733~LX*1~TS3*1346469632*11*20131231*2*840~CLP*688827173*1*420*0*420*13*E5JK536ML0000*11*1~NM1*QC*1*HAHN*KRISTINA~NM1*IL*1*HAHN*DEBRA****MI*W075948199~NM1*82*1*CHATMAN-FINLEY*DEBRA*D***XX*1346469632~REF*1L*0100462-042-00004-PX~REF*CE*AETNA CHOICE  POS II~DTM*050*20130408~DTM*232*20130305~DTM*233*20130326~PER*CX**TE*8886323862~AMT*AU*140~SVC*HC:90834*140*0**0**1~DTM*472*20130305~CAS*PR*96*140*1~REF*6R*825688827173~LQ*HE*N20~SVC*HC:90834*140*0**0**1~DTM*472*20130312~CAS*PR*96*140*1~REF*6R*826688827173~LQ*HE*N20~SVC*HC:90834*140*0**1~DTM*472*20130326~CAS*PR*1*104.4**45*35.6~REF*6R*827688827173~AMT*B6*104.4~LQ*HE*N130~CLP*688827185*1*420*65.1*354.9*13*E5TV536B40000*11*1~NM1*QC*1*KEITH-WILSON*KENYAU****MI*W187952608~NM1*82*1*CHATMAN-FINLEY*DEBRA*D***XX*1346469632~REF*1L*0811305-020-00001- I~DTM*050*20130408~DTM*232*20130306~DTM*233*20130325~PER*CX**TE*8886323862~AMT*AU*140~SVC*HC:90834*140*0**0**1~DTM*472*20130306~CAS*PR*96*140*1~REF*6R*843688827185~LQ*HE*N20~SVC*HC:90834*140*0**0**1~DTM*472*20130321~CAS*PR*96*140*1~REF*6R*844688827185~LQ*HE*N20~SVC*HC:90834*140*65.1**1~DTM*472*20130325~CAS*PR*2*27.9**45*47~REF*6R*845688827185~AMT*B6*93~LQ*HE*N130~SE*68*0002~GE*2*137094924~IEA*1*137094924~
