ISA*00*          *00*          *ZZ*330897513      *ZZ*ASSOCIATEDBC   *130417*2324*U*00401*137350944*0*P*:~GS*HP*330897513*ASSOCIATEDBC*20130417*2324*137350944*X*004010X091A1~ST*835*0001~BPR*I*65*C*ACH*CCP*01*031100225*DA*2079950064280/*1220999690**01*231372691*DA*0181143836*20130413~TRN*1*0003432940*1220999690*8352013041502510764~REF*EV*1902991391~DTM*405*20130413~N1*PR*HORIZON BCBSNJ~N3*PAYOR ADDRESS 1~N4*NEWARK*NJ*071010420~REF*2U*22099~N1*PE*M M WIESE WAIBEL LCSW*XX*1902991391~N3*800 RARITAN RD~N4*CLARK*NJ*070661710~REF*PQ*2621359190~REF*TJ*262135919~LX*1~CLP*3HZN03939260*1*125*45*15*13*780271309430530   00**1~NM1*QC*1*SOMERS*ELAINE****MI*YHQ3HZN03939260~NM1*IL*1*SOMERS*ROBERT****MI*3HZN039392600~NM1*82*2*M M WIESE WAIBEL LCSW*****XX*1902991391~DTM*050*20130404~DTM*232*20130329~DTM*233*20130329~PER*CX*HORIZON BLUE CROSS BLUE SHIELD OF NEW JERSEY DIRECT ACCESS*TE*8006241110~AMT*AU*60~AMT*T2*45~SVC*HC:99199*125*45**1*HC:90834~DTM*472*20130329~CAS*PR*3*15~CAS*CO*45*65~REF*6R*3863HZN03939260~REF*HPI*1902991391~AMT*B6*60~CLP*3HZN89299890*1*125*20*40*13*780271309435299   00**1~NM1*QC*1*SHAH*ROSEMARIE****MI*YHX3HZN89299890~NM1*IL*1*SHAH*HR****MI*3HZN892998900~NM1*74*1*SHAH*HASMUKH*R***C*3HZN892998900~NM1*82*2*M M WIESE WAIBEL LCSW*****XX*1902991391~DTM*050*20130404~DTM*232*20130327~DTM*233*20130327~PER*CX*NATIONAL ACCOUNTS POS*TE*8006244758~AMT*AU*60~AMT*T2*20~SVC*HC:99199*125*20**1*HC:90834~DTM*472*20130327~CAS*PR*3*40~CAS*CO*45*65~REF*6R*3663HZN89299890~REF*HPI*1902991391~AMT*B6*60~SE*51*0001~GE*1*137350944~IEA*1*137350944~
