ISA*00*          *00*          *ZZ*330897513      *ZZ*ASSOCIATEDBC   *130423*0635*U*00401*137857142*0*P*:~GS*HP*330897513*ASSOCIATEDBC*20130423*0635*137857142*X*004010X091A1~ST*835*0001~BPR*I*10*C*ACH*CCP*01*031100225*DA*2079950064280/*1220999690**01*231372691*DA*0181143836*20130418~TRN*1*0003454761*1220999690*8352013041908450752~REF*EV*1902991391~DTM*405*20130418~N1*PR*HORIZON BCBSNJ~N3*PAYOR ADDRESS 1~N4*NEWARK*NJ*071010420~REF*2U*22099~N1*PE*M M WIESE WAIBEL LCSW*XX*1902991391~N3*800 RARITAN RD~N4*CLARK*NJ*070661710~REF*PQ*2621359190~REF*TJ*262135919~LX*1~CLP*3HZN78707750*1*125*10*50*13*780281310048550   00**1~NM1*QC*1*LANIGAN*JONATHAN****MI*HAA3HZN78707750~NM1*IL*1*LANIGAN*DIANE****MI*3HZN787077500~NM1*74*1*LANIGAN*DIANE*M***C*3HZN787077500~NM1*82*2*M M WIESE WAIBEL LCSW*****XX*1902991391~DTM*050*20130408~DTM*232*20130326~DTM*233*20130326~PER*CX*HORIZON BLUE CROSS BLUE SHIELD OF NEW JERSEY DIRECT ACCESS*TE*8006241110~AMT*AU*60~AMT*T2*10~SVC*HC:99199*125*10**1*HC:90834~DTM*472*20130326~CAS*PR*3*50~CAS*CO*45*65~REF*6R*000001~REF*HPI*1902991391~AMT*B6*60~SE*34*0001~ST*835*0002~BPR*I*22.62*C*ACH*CCP*01*031100225*DA*2079950064280/*1220999690**01*231372691*DA*0181143836*20130419~TRN*1*0003462104*1220999690*8352013042002100791~REF*EV*1902991391~DTM*405*20130419~N1*PR*HORIZON BCBSNJ~N3*PAYOR ADDRESS 1~N4*NEWARK*NJ*071010420~REF*2U*22099~N1*PE*M M WIESE WAIBEL LCSW*XX*1902991391~N3*800 RARITAN RD~N4*CLARK*NJ*070661710~REF*PQ*2621359190~REF*TJ*262135919~LX*1~CLP*137426725 A*2*125*22.62*37.38*13*780261309985357   00**1~CAS*PR*96*37.38~CAS*OA*96*-37.38~NM1*QC*1*TORRE*JOSEPH*J***MI*3HZN555919000~NM1*74*1*TORRE*JOSEPH****C*3HZN55591900~NM1*82*2*M M WIESE WAIBEL LCSW*****XX*1902991391~MOA***MA69~DTM*050*20130409~DTM*232*20130221~DTM*233*20130221~PER*CX*HORIZON BLUE CROSS BLUE SHIELD OF NEW JERSEY DIRECT ACCESS*TE*8006241110~AMT*AU*60~AMT*T2*22.62~SVC*HC:99199*125*22.62**1*HC:90834~DTM*472*20130221~CAS*OA*23*102.38~REF*6R*LX#01~REF*HPI*1902991391~AMT*B6*60~SE*35*0002~GE*2*137857142~IEA*1*137857142~
