ISA*00*          *00*          *ZZ*330897513      *ZZ*ASSOCIATEDBC   *130424*0043*U*00401*137986653*0*P*:~GS*HP*330897513*ASSOCIATEDBC*20130424*0043*137986653*X*004010X091A1~ST*835*0001~BPR*I*650*C*ACH*CCP*01*031100225*DA*2079950064280/*1220999690**01*231372691*DA*0181143836*20130420~TRN*1*0003469619*1220999690*8352013042206530766~REF*EV*1902991391~DTM*405*20130420~N1*PR*HORIZON BCBSNJ~N3*PAYOR ADDRESS 1~N4*NEWARK*NJ*071010420~REF*2U*22099~N1*PE*M M WIESE WAIBEL LCSW*XX*1902991391~N3*800 RARITAN RD~N4*CLARK*NJ*070661710~REF*PQ*2621359190~REF*TJ*262135919~LX*1~CLP*3HZN71563020*1*250*100*20*13*780271310887037   00**1~NM1*QC*1*BONILLA*NANCY****MI*NJX3HZN71563020~NM1*82*2*M M WIESE WAIBEL LCSW*****XX*1902991391~DTM*050*20130418~DTM*232*20130402~DTM*233*20130409~PER*CX*NJ DIRECT*TE*8006241110~AMT*AU*120~AMT*T2*100~SVC*HC:99199*125*50**1*HC:90834~DTM*472*20130402~CAS*PR*3*10~CAS*CO*45*65~REF*6R*1933HZN71563020~REF*HPI*1902991391~AMT*B6*60~SVC*HC:99199*125*50**1*HC:90834~DTM*472*20130409~CAS*PR*3*10~CAS*CO*45*65~REF*6R*1993HZN71563020~REF*HPI*1902991391~AMT*B6*60~CLP*3HZN85261690*1*250*90*30*13*780271310886214   00**1~NM1*QC*1*CORNWELL*ELIZABETH****MI*3HZN852616900~NM1*74*1*CORNWELL*ELIZABETH*H***C*NJX3HZN85261690~NM1*82*2*M M WIESE WAIBEL LCSW*****XX*1902991391~DTM*050*20130418~DTM*232*20130401~DTM*233*20130408~PER*CX*NJ DIRECT*TE*8006241110~AMT*AU*120~AMT*T2*90~SVC*HC:99199*125*45**1*HC:90834~DTM*472*20130401~CAS*PR*3*15~CAS*CO*45*65~REF*6R*2033HZN85261690~REF*HPI*1902991391~AMT*B6*60~SVC*HC:99199*125*45**1*HC:90834~DTM*472*20130408~CAS*PR*3*15~CAS*CO*45*65~REF*6R*2043HZN85261690~REF*HPI*1902991391~AMT*B6*60~CLP*3HZN77593920*1*125*50*10*13*780271310884502   00**1~NM1*QC*1*DANIELSON*CHRISTINE****MI*NJX3HZN77593920~NM1*IL*1*FAUGHNAN*RICHARD****MI*3HZN775939201~NM1*74*1*FAUGHNAN*RICHARD*F***C*3HZN775939201~NM1*82*2*M M WIESE WAIBEL LCSW*****XX*1902991391~DTM*050*20130418~DTM*232*20130403~DTM*233*20130403~PER*CX*NJ DIRECT*TE*8006241110~AMT*AU*60~AMT*T2*50~SVC*HC:99199*125*50**1*HC:90834~DTM*472*20130403~CAS*PR*3*10~CAS*CO*45*65~REF*6R*2083HZN77593920~REF*HPI*1902991391~AMT*B6*60~CLP*3HZN36191530*1*250*90*30*13*780271310881988   00**1~NM1*QC*1*LENAHAN*MEAGHAN****MI*3HZN361915300~NM1*74*1*LENAHAN*MEAGHAN*M***C*NJX3HZN36191530~NM1*82*2*M M WIESE WAIBEL LCSW*****XX*1902991391~DTM*050*20130418~DTM*232*20130404~DTM*233*20130411~PER*CX*NJ DIRECT*TE*8006241110~AMT*AU*120~AMT*T2*90~SVC*HC:99199*125*45**1*HC:90834~DTM*472*20130404~CAS*PR*3*15~CAS*CO*45*65~REF*6R*3523HZN36191530~REF*HPI*1902991391~AMT*B6*60~SVC*HC:99199*125*45**1*HC:90834~DTM*472*20130411~CAS*PR*3*15~CAS*CO*45*65~REF*6R*3543HZN36191530~REF*HPI*1902991391~AMT*B6*60~CLP*3HZN15469020*1*125*45*15*13*780271310886210   00**1~NM1*QC*1*MONDI*NICHOL****MI*NJX3HZN15469020~NM1*IL*1*MONDI*FREDERICK****MI*3HZN154690200~NM1*74*1*MONDI*FREDERICK*B***C*3HZN154690200~NM1*82*2*M M WIESE WAIBEL LCSW*****XX*1902991391~DTM*050*20130418~DTM*232*20130401~DTM*233*20130401~PER*CX*NJ DIRECT*TE*8006241110~AMT*AU*60~AMT*T2*45~SVC*HC:99199*125*45**1*HC:90834~DTM*472*20130401~CAS*PR*3*15~CAS*CO*45*65~REF*6R*4283HZN15469020~REF*HPI*1902991391~AMT*B6*60~CLP*3HZN74465430*1*125*59*10*12*780271310886212   00**1~NM1*QC*1*DOHERTY*MARCELLE*N***MI*YHB3HZN74465430~NM1*IL*1*DOHERTY*DANIEL****MI*3HZN744654300~NM1*74*1*DOHERTY*DANIEL*J***C*3HZN744654300~NM1*82*2*M M WIESE WAIBEL LCSW*****XX*1902991391~DTM*050*20130418~DTM*232*20130404~DTM*233*20130404~PER*CX*NATIONAL ACCOUNTS SERVICED IN MT.LAUREL*TE*8006244758~AMT*AU*69~AMT*T2*59~SVC*HC:99199*125*59**1*HC:90834~DTM*472*20130404~CAS*PR*3*10~CAS*CO*45*56~REF*6R*2123HZN74465430~REF*HPI*1902991391~AMT*B6*69~CLP*3HZN56316950*1*250*108*30*12*780271310884501   00**1~NM1*QC*1*DUFFY*JULIE****MI*3HZN563169500~NM1*74*1*DUFFY*JULIE*A***C*YHB3HZN56316950~NM1*82*2*M M WIESE WAIBEL LCSW*****XX*1902991391~DTM*050*20130418~DTM*232*20130405~DTM*233*20130412~PER*CX*NATIONAL ACCOUNTS SERVICED IN MT.LAUREL*TE*8006244758~AMT*AU*138~AMT*T2*108~SVC*HC:99199*125*54**1*HC:90834~DTM*472*20130405~CAS*PR*3*15~CAS*CO*45*56~REF*6R*2323HZN56316950~REF*HPI*1902991391~AMT*B6*69~SVC*HC:99199*125*54**1*HC:90834~DTM*472*20130412~CAS*PR*3*15~CAS*CO*45*56~REF*6R*2343HZN56316950~REF*HPI*1902991391~AMT*B6*69~CLP*3HZN14345840*1*250*108*30*12*780271310887032   00**1~NM1*QC*1*GREFFER*CHANTAL****MI*3HZN143458400~NM1*74*1*GREFFER*CHANTAL*M***C*YHB3HZN14345840~NM1*82*2*M M WIESE WAIBEL LCSW*****XX*1902991391~DTM*050*20130418~DTM*232*20130408~DTM*233*20130415~PER*CX*NATIONAL ACCOUNTS SERVICED IN MT.LAUREL*TE*8006244758~AMT*AU*138~AMT*T2*108~SVC*HC:99199*125*54**1*HC:90834~DTM*472*20130408~CAS*PR*3*15~CAS*CO*45*56~REF*6R*3123HZN14345840~REF*HPI*1902991391~AMT*B6*69~SVC*HC:99199*125*54**1*HC:90834~DTM*472*20130415~CAS*PR*3*15~CAS*CO*45*56~REF*6R*3143HZN14345840~REF*HPI*1902991391~AMT*B6*69~SE*189*0001~GE*1*137986653~IEA*1*137986653~
