ISA*00*          *00*          *ZZ*330897513      *ZZ*ASSOCIATEDBC   *130425*1817*U*00401*138244870*0*P*:~GS*HP*330897513*ASSOCIATEDBC*20130425*1817*138244870*X*004010X091A1~ST*835*0001~BPR*I*296*C*ACH*CCP*01*031100225*DA*2079950064280/*1220999690**01*231372691*DA*0181143836*20130423~TRN*1*0003477224*1220999690*8352013042403180786~REF*EV*1902991391~DTM*405*20130423~N1*PR*HORIZON BCBSNJ~N3*PAYOR ADDRESS 1~N4*NEWARK*NJ*071010420~REF*2U*22099~N1*PE*M M WIESE WAIBEL LCSW*XX*1902991391~N3*800 RARITAN RD~N4*CLARK*NJ*070661710~REF*PQ*2621359190~REF*TJ*262135919~LX*1~CLP*MKGAN3670307*1*250*88*50*12*780271310882636   00**1~NM1*QC*1*FRANCIS*TIFFANY****MI*MKGAN3670307~NM1*82*2*M M WIESE WAIBEL LCSW*****XX*1902991391~DTM*050*20130418~DTM*232*20130402~DTM*233*20130408~AMT*AU*138~AMT*T2*88~SVC*HC:99199*125*44**1*HC:90834~DTM*472*20130402~CAS*PR*3*25~CAS*CO*45*56~REF*6R*270MKGAN3670307~REF*HPI*1902991391~AMT*B6*69~SVC*HC:99199*125*44**1*HC:90834~DTM*472*20130408~CAS*PR*3*25~CAS*CO*45*56~REF*6R*271MKGAN3670307~REF*HPI*1902991391~AMT*B6*69~CLP*692653512*1*125*44*25*12*780271310883670   00**1~NM1*QC*1*KARDOS*LISA****MI*SKQAN4254520~NM1*82*2*M M WIESE WAIBEL LCSW*****XX*1902991391~DTM*050*20130418~DTM*232*20130412~DTM*233*20130412~AMT*AU*69~AMT*T2*44~SVC*HC:99199*125*44**1*HC:90834~DTM*472*20130412~CAS*PR*3*25~CAS*CO*45*56~REF*6R*339692653512~REF*HPI*1902991391~AMT*B6*69~CLP*ROQ5052733500*1*125*44*25*12*780271310883668   00**1~NM1*QC*1*KOVATCH*LISA****MI*ROQ5052733500~NM1*82*2*M M WIESE WAIBEL LCSW*****XX*1902991391~DTM*050*20130418~DTM*232*20130410~DTM*233*20130410~AMT*AU*69~AMT*T2*44~SVC*HC:99199*125*44**1*HC:90834~DTM*472*20130410~CAS*PR*3*25~CAS*CO*45*56~REF*6R*348ROQ5052733500~REF*HPI*1902991391~AMT*B6*69~CLP*DZVAN4492387*1*125*49*20*12*780271310884500   00**1~NM1*QC*1*PRIBUSH*KATHLEEN****MI*DZVAN4492387~NM1*IL*1*PRIBUSH*JEFF****MI*DZVAN4492387~NM1*82*2*M M WIESE WAIBEL LCSW*****XX*1902991391~DTM*050*20130418~DTM*232*20130410~DTM*233*20130410~AMT*AU*69~AMT*T2*49~SVC*HC:99199*125*49**1*HC:90834~DTM*472*20130410~CAS*PR*3*20~CAS*CO*45*56~REF*6R*436DZVAN4492387~REF*HPI*1902991391~AMT*B6*69~CLP*692653547*1*125*49*20*12*780271310881363   00**1~NM1*QC*1*RABADEAU*KATHLEEN****MI*DZVAN4490966~NM1*82*2*M M WIESE WAIBEL LCSW*****XX*1902991391~DTM*050*20130418~DTM*232*20130409~DTM*233*20130409~AMT*AU*69~AMT*T2*49~SVC*HC:99199*125*49**1*HC:90834~DTM*472*20130409~CAS*PR*3*20~CAS*CO*45*56~REF*6R*437692653547~REF*HPI*1902991391~AMT*B6*69~CLP*3HZN16234250*1*250*22*50*13*780291310017374   00**1~NM1*QC*1*HARTY*MARIA****MI*YHO3HZN16234250~NM1*IL*1*HARTY*JAMES****MI*3HZN162342500~NM1*74*1*HARTY*JAMES*J***C*3HZN162342500~NM1*82*2*M M WIESE WAIBEL LCSW*****XX*1902991391~DTM*050*20130410~DTM*232*20130325~DTM*233*20130325~PER*CX*HORIZON BLUE CROSS BLUE SHIELD OF NEW JERSEY DIRECT ACCESS*TE*8006241110~AMT*AU*72~AMT*T2*22~SVC*HC:99199*250*22**1*HC:90791~DTM*472*20130325~CAS*PR*3*50~CAS*CO*45*178~REF*6R*4743HZN16234250~REF*HPI*1902991391~AMT*B6*72~SE*117*0001~GE*1*138244870~IEA*1*138244870~
