ISA*00*          *00*          *ZZ*330897513      *ZZ*ASSOCIATEDBC   *130427*0522*U*00401*138420949*0*P*:~GS*HP*330897513*ASSOCIATEDBC*20130427*0522*138420949*X*004010X091A1~ST*835*0001~BPR*I*132*C*ACH*CCP*01*031100225*DA*2079950064280/*1220999690**01*231372691*DA*0181143836*20130424~TRN*1*0003484190*1220999690*8352013042503560699~REF*EV*1902991391~DTM*405*20130424~N1*PR*HORIZON BCBSNJ~N3*PAYOR ADDRESS 1~N4*NEWARK*NJ*071010420~REF*2U*22099~N1*PE*M M WIESE WAIBEL LCSW*XX*1902991391~N3*800 RARITAN RD~N4*CLARK*NJ*070661710~REF*PQ*2621359190~REF*TJ*262135919~LX*1~CLP*BLM88988917*1*375*132*75*12*780271310883667   00**1~NM1*QC*1*STRYKER*MELISSA****MI*BLM88988917~NM1*IL*1*MARTA*THOMAS*J***MI*BLM88988917~NM1*82*2*M M WIESE WAIBEL LCSW*****XX*1902991391~DTM*050*20130418~DTM*232*20130401~DTM*233*20130415~AMT*AU*207~AMT*T2*132~SVC*HC:99199*125*44**1*HC:90834~DTM*472*20130401~CAS*PR*3*25~CAS*CO*45*56~REF*6R*467BLM88988917~REF*HPI*1902991391~AMT*B6*69~SVC*HC:99199*125*44**1*HC:90834~DTM*472*20130408~CAS*PR*3*25~CAS*CO*45*56~REF*6R*470BLM88988917~REF*HPI*1902991391~AMT*B6*69~SVC*HC:99199*125*44**1*HC:90834~DTM*472*20130415~CAS*PR*3*25~CAS*CO*45*56~REF*6R*471BLM88988917~REF*HPI*1902991391~AMT*B6*69~SE*46*0001~GE*1*138420949~IEA*1*138420949~
