ISA*00*          *00*          *ZZ*330897513      *ZZ*ASSOCIATEDBC   *130501*0645*U*00401*138778306*0*P*:~GS*HP*330897513*ASSOCIATEDBC*20130501*0645*138778306*X*004010X091A1~ST*835*0001~BPR*I*142.36*C*ACH*CCP*01*021200025*DA*2000012995156*1216000928*021200025*01*221283512*DA*95665700570381*20130503~TRN*1*3AG017900*1216000928*021200025~REF*EV*9904204~DTM*405*20130426~N1*PR*NEW JERSEY MEDICAID~N3*3705 QUAKERBRIDGE ROAD, SUITE 101~N4*TRENTON*NJ*086191288~PER*CX*NEW JERSEY MEDICAID PROVIDER SERVICES*TE*8007766334~N1*PE*WAY          KAREN      GPHD*XX*1477603942~REF*PQ*0225177~REF*TJ*008388097~LX*1~CLP*233057655620*4*150*0**MC*201311210054401-0608*11~NM1*QC*1*CONSU*B****MR*233057655620~DTM*232*20130103~DTM*233*20130103~SVC*HC:90834*150*0~DTM*472*20130103~CAS*OA*16*150~LQ*HE*N29~CLP*233057655620*4*150*0**MC*201311210054402-0608*11~NM1*QC*1*CONSU*B****MR*233057655620~DTM*232*20130110~DTM*233*20130110~SVC*HC:90834*150*0~DTM*472*20130110~CAS*OA*16*150~LQ*HE*N29~CLP*233057655620*2*150*71.18**MC*201311210059301-125816250976*11~NM1*QC*1*CONSU*B****MR*233057655620~DTM*232*20130124~DTM*233*20130124~AMT*AU*71.18~SVC*HC:90806*150*71.18**1**0~DTM*472*20130124~CAS*CO*23*71.18**45*7.64~AMT*B6*71.18~LQ*HE*N45~LQ*HE*M58~LQ*HE*M86~CLP*233057655620*2*150*71.18**MC*201311210059302-125816250976*11~NM1*QC*1*CONSU*B****MR*233057655620~DTM*232*20130228~DTM*233*20130228~AMT*AU*71.18~SVC*HC:90806*150*71.18**1**0~DTM*472*20130228~CAS*CO*23*71.18**45*7.64~AMT*B6*71.18~LQ*HE*N45~LQ*HE*M58~LQ*HE*M86~SE*54*0001~GE*1*138778306~IEA*1*138778306~
