ISA*00*          *00*          *ZZ*330897513      *ZZ*ASSOCIATEDBC   *130430*1540*U*00401*138707014*0*P*:~GS*HP*330897513*ASSOCIATEDBC*20130430*1540*138707014*X*004010X091A1~ST*835*0001~BPR*I*26.72*C*CHK************20130426~TRN*1*704388562*1411648670~REF*EV*870426777~REF*F2*1~DTM*405*20130427~N1*PR*CIGNA BEHAVIORAL HEALTH INC.~N3*P.O. BOX 182223~N4*CHATTANOOGA*TN*374227223~N1*PE*DEBRA D CHATMAN-FINLEY MS*XX*1346469632~N3*134 W END AVE # 2~N4*SOMERVILLE*NJ*088761816~REF*TJ*264224733~LX*1~CLP*695904690*1*140*26.72*40*13*9681311513403*11*1~NM1*QC*1*DRURY*SHANNON****MI*U4622015101~NM1*82*1*CHATMAN-FINLEY*DEBRA*D***FI*264224733~REF*1L*3332472~REF*CE*OPEN ACCESS PLUS~DTM*050*20130425~DTM*232*20130417~DTM*233*20130417~PER*CX*MEMBER SERVICES*TE*8002446224~AMT*AU*66.72~SVC*HC:90834*140*26.72**1~CAS*CO*45*73.28~CAS*PR*3*40~REF*6R*450695904690~AMT*B6*66.72~SE*30*0001~GE*1*138707014~IEA*1*138707014~
