ISA*00*          *00*          *ZZ*330897513      *ZZ*ASSOCIATEDBC   *130503*0545*U*00401*139078670*0*P*:~GS*HP*330897513*ASSOCIATEDBC*20130503*0545*139078670*X*004010X091A1~ST*835*0001~BPR*I*177.62*C*ACH*CCP*01*031100225*DA*2079950064280/*1220999690**01*231372691*DA*0181143836*20130430~TRN*1*0003514101*1220999690*8352013050103500786~REF*EV*1902991391~DTM*405*20130430~N1*PR*HORIZON BCBSNJ~N3*PAYOR ADDRESS 1~N4*NEWARK*NJ*071010420~REF*2U*22099~N1*PE*M M WIESE WAIBEL LCSW*XX*1902991391~N3*800 RARITAN RD~N4*CLARK*NJ*070661710~REF*PQ*2621359190~REF*TJ*262135919~LX*1~CLP*143342949A*2*125*12.62*10*13*780271311737796   00**1~NM1*QC*1*COSQUER*DOLORES****MI*3HZN22671350~NM1*82*2*M M WIESE WAIBEL LCSW*****XX*1902991391~DTM*050*20130427~DTM*232*20130320~DTM*233*20130320~PER*CX*NJ DIRECT*TE*8006241110~AMT*AU*64.63~AMT*T2*12.62~SVC*HC:99199*125*12.62**1*HC:90834~DTM*472*20130320~CAS*PR*3*10~CAS*OA*23*102.38~REF*6R*LX#01~REF*HPI*1902991391~AMT*B6*64.63~CLP*3HZN16234250*1*125*10*50*13*780271310881985   00**1~NM1*QC*1*HARTY*MARIA****MI*YHO3HZN16234250~NM1*IL*1*HARTY*JAMES****MI*3HZN162342500~NM1*74*1*HARTY*JAMES*J***C*3HZN162342500~NM1*82*2*M M WIESE WAIBEL LCSW*****XX*1902991391~DTM*050*20130418~DTM*232*20130410~DTM*233*20130410~PER*CX*HORIZON BLUE CROSS BLUE SHIELD OF NEW JERSEY DIRECT ACCESS*TE*8006241110~AMT*AU*60~AMT*T2*10~SVC*HC:99199*125*10**1*HC:90834~DTM*472*20130410~CAS*PR*3*50~CAS*CO*45*65~REF*6R*3263HZN16234250~REF*HPI*1902991391~AMT*B6*60~CLP*3HZN78707750*1*125*10*50*13*780271310887035   00**1~NM1*QC*1*LANIGAN*JONATHAN****MI*HAA3HZN78707750~NM1*IL*1*LANIGAN*DIANE****MI*3HZN787077500~NM1*74*1*LANIGAN*DIANE*M***C*3HZN787077500~NM1*82*2*M M WIESE WAIBEL LCSW*****XX*1902991391~DTM*050*20130418~DTM*232*20130402~DTM*233*20130402~PER*CX*HORIZON BLUE CROSS BLUE SHIELD OF NEW JERSEY DIRECT ACCESS*TE*8006241110~AMT*AU*60~AMT*T2*10~SVC*HC:99199*125*10**1*HC:90834~DTM*472*20130402~CAS*PR*3*50~CAS*CO*45*65~REF*6R*3493HZN78707750~REF*HPI*1902991391~AMT*B6*60~CLP*3HZN03939260*1*250*90*30*13*780271310881379   00**1~NM1*QC*1*SOMERS*ELAINE****MI*YHQ3HZN03939260~NM1*IL*1*SOMERS*ROBERT****MI*3HZN039392600~NM1*82*2*M M WIESE WAIBEL LCSW*****XX*1902991391~DTM*050*20130418~DTM*232*20130405~DTM*233*20130412~PER*CX*HORIZON BLUE CROSS BLUE SHIELD OF NEW JERSEY DIRECT ACCESS*TE*8006241110~AMT*AU*120~AMT*T2*90~SVC*HC:99199*125*45**1*HC:90834~DTM*472*20130405~CAS*PR*3*15~CAS*CO*45*65~REF*6R*4603HZN03939260~REF*HPI*1902991391~AMT*B6*60~SVC*HC:99199*125*45**1*HC:90834~DTM*472*20130412~CAS*PR*3*15~CAS*CO*45*65~REF*6R*4623HZN03939260~REF*HPI*1902991391~AMT*B6*60~CLP*3HZN69937170*1*125*35*25*13*780271310880054   00**1~NM1*QC*1*ORSINI*SUSAN*J***MI*HEF3HZN69937170~NM1*IL*1*ORSINI*NICHOLAS****MI*3HZN699371700~NM1*74*1*ORSINI*NICHOLAS*R***C*3HZN699371700~NM1*82*2*M M WIESE WAIBEL LCSW*****XX*1902991391~DTM*050*20130418~DTM*232*20130403~DTM*233*20130403~PER*CX*NATIONAL ACCOUNTS POS*TE*8006244758~AMT*AU*60~AMT*T2*35~SVC*HC:99199*125*35**1*HC:90834~DTM*472*20130403~CAS*PR*3*25~CAS*CO*45*65~REF*6R*4313HZN69937170~REF*HPI*1902991391~AMT*B6*60~CLP*3HZN89299890*1*125*20*40*13*780271310887019   00**1~NM1*QC*1*SHAH*ROSEMARIE****MI*YHX3HZN89299890~NM1*IL*1*SHAH*HR****MI*3HZN892998900~NM1*74*1*SHAH*HASMUKH*R***C*3HZN892998900~NM1*82*2*M M WIESE WAIBEL LCSW*****XX*1902991391~DTM*050*20130418~DTM*232*20130410~DTM*233*20130410~PER*CX*NATIONAL ACCOUNTS POS*TE*8006244758~AMT*AU*60~AMT*T2*20~SVC*HC:99199*125*20**1*HC:90834~DTM*472*20130410~CAS*PR*3*40~CAS*CO*45*65~REF*6R*4423HZN89299890~REF*HPI*1902991391~AMT*B6*60~SE*128*0001~GE*1*139078670~IEA*1*139078670~
