ISA*00*          *00*          *ZZ*330897513      *ZZ*ASSOCIATEDBC   *130507*0215*U*00401*139403176*0*P*:~GS*HP*330897513*ASSOCIATEDBC*20130507*0215*139403176*X*004010X091A1~ST*835*0001~BPR*I*32*C*ACH*CCP*01*031100225*DA*2079950064280/*1220999690**01*231372691*DA*0181143836*20130502~TRN*1*0003528671*1220999690*8352013050303460755~REF*EV*1902991391~DTM*405*20130502~N1*PR*HORIZON BCBSNJ~N3*PAYOR ADDRESS 1~N4*NEWARK*NJ*071010420~REF*2U*22099~N1*PE*M M WIESE WAIBEL LCSW*XX*1902991391~N3*800 RARITAN RD~N4*CLARK*NJ*070661710~REF*PQ*2621359190~REF*TJ*262135919~LX*1~CLP*3HZN04240760*1*375*32*100*13*780261311367579   00**1~NM1*QC*1*RICKERT*SUSAN*M***MI*3HZN04240760~NM1*IL*1*RICKERT*WILLIAM*L***MI*3HZN042407601~NM1*82*2*M M WIESE WAIBEL LCSW*****XX*1902991391~DTM*050*20130422~DTM*232*20130405~DTM*233*20130409~PER*CX*NATIONAL ACCOUNTS POS*TE*8006244758~AMT*AU*132~AMT*T2*32~SVC*HC:99199*250*22**1*HC:90791~DTM*472*20130405~CAS*PR*3*50~CAS*CO*45*178~REF*6R*000001~REF*HPI*1902991391~AMT*B6*72~SVC*HC:99199*125*10**1*HC:90834~DTM*472*20130409~CAS*PR*3*50~CAS*CO*45*65~REF*6R*000002~REF*HPI*1902991391~AMT*B6*60~SE*40*0001~ST*835*0002~BPR*I*400*C*CHK******1043270923******20130506~TRN*1*001637416*1043270923~REF*EV*SL0002~REF*F2*3000-001~DTM*405*20130503~N1*PR*TUFTS BENEFIT ADMINISTRATORS INC.~N3*PO BOX 9185~N4*WATERTOWN*MA*024719185~REF*2U*04298~PER*CX*EDI OPERATIONS*TE*8888808699*EX*4042~N1*PE*GULLA JAMES P. LCMHC*XX*1922200658~LX*1~CLP*697440701*1*500*400*100*12*3121BGKX~NM1*QC*1*WYMAN*ARTHUR****MI*776987405   02~SVC*HC:90837*125*100**1~DTM*472*20130424~CAS*PR*2*25~REF*6R*287697440701~AMT*B6*125~SVC*HC:90837*125*100**1~DTM*472*20130410~CAS*PR*2*25~REF*6R*286697440701~AMT*B6*125~SVC*HC:90837*125*100**1~DTM*472*20130403~CAS*PR*2*25~REF*6R*285697440701~AMT*B6*125~SVC*HC:90837*125*100**1~DTM*472*20130327~CAS*PR*2*25~REF*6R*284697440701~AMT*B6*125~SE*36*0002~GE*2*139403176~IEA*1*139403176~
