ISA*00*          *00*          *ZZ*330897513      *ZZ*ASSOCIATEDBC   *130507*2010*U*00401*139522973*0*P*:~GS*HP*330897513*ASSOCIATEDBC*20130507*2010*139522973*X*004010X091A1~ST*835*0001~BPR*I*77.7*C*CHK************20130507~TRN*1*09822-009174529*1066033492~REF*EV*330897513~DTM*405*20130507~N1*PR*AETNA~N3*151 FARMINGTON AVENUE~N4*HARTFORD*CT*06156~N1*PE*CHATMAN-FINLEY, DEBRA D*XX*1346469632~N3*134 W END AVE FL 2~N4*SOMERVILLE*NJ*088761816~REF*PQ*183005000~REF*TJ*264224733~LX*1~TS3*1346469632*11*20131231*1*150~CLP*695904739*1*150*77.7*72.3*13*EK346XK380000*11*1~NM1*QC*1*PASKE*TARA~NM1*IL*1*PASKE*MARK****MI*W17941436703~NM1*74*1******C*W179414367~NM1*82*1*CHATMAN-FINLEY*DEBRA*D***XX*1346469632~REF*1L*0307138-010-00005-MA~REF*CE*AETNA CHOICE  POS II~DTM*050*20130425~DTM*232*20130416~DTM*233*20130416~PER*CX**TE*8886323862~AMT*AU*150~SVC*HC:90847*150*77.7**1~DTM*472*20130416~CAS*PR*2*33.3**45*39~REF*6R*495695904739~AMT*B6*111~LQ*HE*N130~SE*34*0001~ST*835*0002~BPR*I*65.1*C*CHK************20130507~TRN*1*08325-091425072*1066033492~REF*EV*330897513~DTM*405*20130507~N1*PR*AETNA~N3*151 FARMINGTON AVENUE~N4*HARTFORD*CT*06156~N1*PE*CHATMAN-FINLEY, DEBRA D*XX*1346469632~N3*134 W END AVE FL 2~N4*SOMERVILLE*NJ*088761816~REF*PQ*183005000~REF*TJ*264224733~LX*1~TS3*1346469632*11*20131231*2*280~CLP*695904692*1*140*0*140*13*EJFA6YWX70000*11*1~NM1*QC*1*HAHN*KRISTINA~NM1*IL*1*HAHN*DEBRA****MI*W075948199~NM1*82*1*CHATMAN-FINLEY*DEBRA*D***XX*1346469632~REF*1L*0100462-042-00004-PX~REF*CE*AETNA CHOICE  POS II~DTM*050*20130425~DTM*232*20130416~DTM*233*20130416~PER*CX**TE*8886323862~AMT*AU*140~SVC*HC:90834*140*0**1~DTM*472*20130416~CAS*PR*1*104.4**45*35.6~REF*6R*452695904692~AMT*B6*104.4~LQ*HE*N130~CLP*695904704*1*140*65.1*74.9*13*EJYZ6YJ4V0000*11*1~NM1*QC*1*KEITH-WILSON*KENYAU****MI*W187952608~NM1*82*1*CHATMAN-FINLEY*DEBRA*D***XX*1346469632~REF*1L*0811305-020-00001- I~DTM*050*20130425~DTM*232*20130418~DTM*233*20130418~PER*CX**TE*8886323862~AMT*AU*140~SVC*HC:90834*140*65.1**1~DTM*472*20130418~CAS*PR*2*27.9**45*47~REF*6R*472695904704~AMT*B6*93~LQ*HE*N130~SE*48*0002~ST*835*0003~BPR*H*0*C*NON************20130508~TRN*1*012504093*1216000928~REF*EV*9904204~DTM*405*20130503~N1*PR*NEW JERSEY MEDICAID~N3*3705 QUAKERBRIDGE ROAD, SUITE 101~N4*TRENTON*NJ*086191288~PER*CX*NEW JERSEY MEDICAID PROVIDER SERVICES*TE*8007766334~N1*PE*WAY          KAREN      GPHD*XX*1477603942~REF*PQ*0225177~REF*TJ*008388097~LX*1~CLP*243065069821*4*130*0**MC*201302854112501-06080464*11*1~NM1*QC*1*DIEFENBACKER*NICOLE****MR*243065069821~DTM*232*20130104~DTM*233*20130104~SVC*HC:90834*130*0~DTM*472*20130104~CAS*OA*16*130~REF*6R*083243065069821~LQ*HE*N29~CLP*123035462701*4*130*0**MC*201302854112601-06080464*11*1~NM1*QC*1*DIX-MOON*KIMBERLI****MR*123035462701~DTM*232*20130108~DTM*233*20130108~SVC*HC:90834*130*0~DTM*472*20130108~CAS*OA*16*130~REF*6R*085123035462701~LQ*HE*N29~CLP*123035462701*4*130*0**MC*201302854112602-06080464*11*1~NM1*QC*1*DIX-MOON*KIMBERLI****MR*123035462701~DTM*232*20130111~DTM*233*20130111~SVC*HC:90834*130*0~DTM*472*20130111~CAS*OA*16*130~REF*6R*086123035462701~LQ*HE*N29~CLP*243065069821*4*130*0**MC*201302854112502-06080464*11*1~NM1*QC*1*DIEFENBACKER*NICOLE****MR*243065069821~DTM*232*20130111~DTM*233*20130111~SVC*HC:90834*130*0~DTM*472*20130111~CAS*OA*16*130~REF*6R*084243065069821~LQ*HE*N29~CLP*123035462701*4*130*0**MC*201302854112603-06080464*11*1~NM1*QC*1*DIX-MOON*KIMBERLI****MR*123035462701~DTM*232*20130115~DTM*233*20130115~SVC*HC:90834*130*0~DTM*472*20130115~CAS*OA*16*130~REF*6R*087123035462701~LQ*HE*N29~SE*59*0003~GE*3*139522973~IEA*1*139522973~
