ISA*00*          *00*          *ZZ*330897513      *ZZ*ASSOCIATEDBC   *130510*0207*U*00401*139848530*0*P*:~GS*HP*330897513*ASSOCIATEDBC*20130510*0207*139848530*X*004010X091A1~ST*835*0001~BPR*I*723.07*C*ACH*CCP*01*031100225*DA*2079950064280/*1220999690**01*231372691*DA*0181143836*20130507~TRN*1*0003551104*1220999690*8352013050804040780~REF*EV*1902991391~DTM*405*20130507~N1*PR*HORIZON BCBSNJ~N3*PAYOR ADDRESS 1~N4*NEWARK*NJ*071010420~REF*2U*22099~N1*PE*M M WIESE WAIBEL LCSW*XX*1902991391~N3*800 RARITAN RD~N4*CLARK*NJ*070661710~REF*PQ*2621359190~REF*TJ*262135919~LX*1~CLP*3HZN71563020*1*250*100*20*13*780281312307143   00**1~NM1*QC*1*BONILLA*NANCY****MI*NJX3HZN71563020~NM1*82*2*M M WIESE WAIBEL LCSW*****XX*1902991391~DTM*050*20130503~DTM*232*20130423~DTM*233*20130430~PER*CX*NJ DIRECT*TE*8006241110~AMT*AU*120~AMT*T2*100~SVC*HC:99199*125*50**1*HC:90834~DTM*472*20130423~CAS*PR*3*10~CAS*CO*45*65~REF*6R*2603HZN71563020~REF*HPI*1902991391~AMT*B6*60~SVC*HC:99199*125*50**1*HC:90834~DTM*472*20130430~CAS*PR*3*10~CAS*CO*45*65~REF*6R*2623HZN71563020~REF*HPI*1902991391~AMT*B6*60~CLP*3HZN85261690*1*250*90*30*13*780281312306771   00**1~NM1*QC*1*CORNWELL*ELIZABETH****MI*3HZN852616900~NM1*74*1*CORNWELL*ELIZABETH*H***C*NJX3HZN85261690~NM1*82*2*M M WIESE WAIBEL LCSW*****XX*1902991391~DTM*050*20130503~DTM*232*20130422~DTM*233*20130429~PER*CX*NJ DIRECT*TE*8006241110~AMT*AU*120~AMT*T2*90~SVC*HC:99199*125*45**1*HC:90834~DTM*472*20130422~CAS*PR*3*15~CAS*CO*45*65~REF*6R*2773HZN85261690~REF*HPI*1902991391~AMT*B6*60~SVC*HC:99199*125*45**1*HC:90834~DTM*472*20130429~CAS*PR*3*15~CAS*CO*45*65~REF*6R*2783HZN85261690~REF*HPI*1902991391~AMT*B6*60~CLP*3HZN77593920*1*125*50*10*13*780281312307132   00**1~NM1*QC*1*DANIELSON*CHRISTINE****MI*NJX3HZN77593920~NM1*IL*1*FAUGHNAN*RICHARD****MI*3HZN775939201~NM1*74*1*FAUGHNAN*RICHARD*F***C*3HZN775939201~NM1*82*2*M M WIESE WAIBEL LCSW*****XX*1902991391~DTM*050*20130503~DTM*232*20130417~DTM*233*20130417~PER*CX*NJ DIRECT*TE*8006241110~AMT*AU*60~AMT*T2*50~SVC*HC:99199*125*50**1*HC:90834~DTM*472*20130417~CAS*PR*3*10~CAS*CO*45*65~REF*6R*2833HZN77593920~REF*HPI*1902991391~AMT*B6*60~CLP*3HZN36191530*1*250*90*30*13*780271312380658   00**1~NM1*QC*1*LENAHAN*MEAGHAN****MI*3HZN361915300~NM1*74*1*LENAHAN*MEAGHAN*M***C*NJX3HZN36191530~NM1*82*2*M M WIESE WAIBEL LCSW*****XX*1902991391~DTM*050*20130503~DTM*232*20130418~DTM*233*20130425~PER*CX*NJ DIRECT*TE*8006241110~AMT*AU*120~AMT*T2*90~SVC*HC:99199*125*45**1*HC:90834~DTM*472*20130418~CAS*PR*3*15~CAS*CO*45*65~REF*6R*3193HZN36191530~REF*HPI*1902991391~AMT*B6*60~SVC*HC:99199*125*45**1*HC:90834~DTM*472*20130425~CAS*PR*3*15~CAS*CO*45*65~REF*6R*3203HZN36191530~REF*HPI*1902991391~AMT*B6*60~CLP*3HZN15469020*1*125*45*15*13*780281312307138   00**1~NM1*QC*1*MONDI*NICHOL****MI*NJX3HZN15469020~NM1*IL*1*MONDI*FREDERICK****MI*3HZN154690200~NM1*74*1*MONDI*FREDERICK*B***C*3HZN154690200~NM1*82*2*M M WIESE WAIBEL LCSW*****XX*1902991391~DTM*050*20130503~DTM*232*20130422~DTM*233*20130422~PER*CX*NJ DIRECT*TE*8006241110~AMT*AU*60~AMT*T2*45~SVC*HC:99199*125*45**1*HC:90834~DTM*472*20130422~CAS*PR*3*15~CAS*CO*45*65~REF*6R*3283HZN15469020~REF*HPI*1902991391~AMT*B6*60~CLP*151662088 A*2*125*20*2.62*13*780271308713694   00**1~NM1*QC*1*CICALESE*KRISTA*A***MI*3HZN98001790~NM1*82*2*M M WIESE WAIBEL LCSW*****XX*1902991391~DTM*050*20130328~DTM*232*20130212~DTM*233*20130212~PER*CX*NATIONAL ACCOUNTS POS*TE*8006244758~AMT*AU*60~AMT*T2*20~AMT*I*.07~SVC*HC:99199*125*20**1*HC:90834~DTM*472*20130212~CAS*PR*3*40**204*-37.38~CAS*OA*23*102.38~REF*6R*LX#01~REF*HPI*1902991391~AMT*B6*60~CLP*3HZN93560760*1*250*58*20*12*780271312380682   00**1~NM1*QC*1*CELSO*CARLA****MI*CBZ3HZN93560760~NM1*IL*1*CELSO*EMIDDIA****MI*3HZN935607600~NM1*82*2*M M WIESE WAIBEL LCSW*****XX*1902991391~DTM*050*20130503~DTM*232*20130422~DTM*233*20130422~PER*CX*NATIONAL ACCOUNTS SERVICED IN MT.LAUREL*TE*8006244758~AMT*AU*78~AMT*T2*58~SVC*HC:99199*250*58**1*HC:90791~DTM*472*20130422~CAS*PR*3*20~CAS*CO*45*172~REF*6R*2703HZN93560760~REF*HPI*1902991391~AMT*B6*78~CLP*3HZN74465430*1*125*59*10*12*780271312381115   00**1~NM1*QC*1*DOHERTY*MARCELLE*N***MI*YHB3HZN74465430~NM1*IL*1*DOHERTY*DANIEL****MI*3HZN744654300~NM1*74*1*DOHERTY*DANIEL*J***C*3HZN744654300~NM1*82*2*M M WIESE WAIBEL LCSW*****XX*1902991391~DTM*050*20130503~DTM*232*20130418~DTM*233*20130418~PER*CX*NATIONAL ACCOUNTS SERVICED IN MT.LAUREL*TE*8006244758~AMT*AU*69~AMT*T2*59~SVC*HC:99199*125*59**1*HC:90834~DTM*472*20130418~CAS*PR*3*10~CAS*CO*45*56~REF*6R*2903HZN74465430~REF*HPI*1902991391~AMT*B6*69~CLP*3HZN56316950*1*125*54*15*12*780281312307140   00**1~NM1*QC*1*DUFFY*JULIE****MI*3HZN563169500~NM1*74*1*DUFFY*JULIE*A***C*YHB3HZN56316950~NM1*82*2*M M WIESE WAIBEL LCSW*****XX*1902991391~DTM*050*20130503~DTM*232*20130426~DTM*233*20130426~PER*CX*NATIONAL ACCOUNTS SERVICED IN MT.LAUREL*TE*8006244758~AMT*AU*69~AMT*T2*54~SVC*HC:99199*125*54**1*HC:90834~DTM*472*20130426~CAS*PR*3*15~CAS*CO*45*56~REF*6R*2913HZN56316950~REF*HPI*1902991391~AMT*B6*69~CLP*3HZN14345840*1*250*108*30*12*780281312306777   00**1~NM1*QC*1*GREFFER*CHANTAL****MI*3HZN143458400~NM1*74*1*GREFFER*CHANTAL*M***C*YHB3HZN14345840~NM1*82*2*M M WIESE WAIBEL LCSW*****XX*1902991391~DTM*050*20130503~DTM*232*20130422~DTM*233*20130429~PER*CX*NATIONAL ACCOUNTS SERVICED IN MT.LAUREL*TE*8006244758~AMT*AU*138~AMT*T2*108~SVC*HC:99199*125*54**1*HC:90834~DTM*472*20130422~CAS*PR*3*15~CAS*CO*45*56~REF*6R*3103HZN14345840~REF*HPI*1902991391~AMT*B6*69~SVC*HC:99199*125*54**1*HC:90834~DTM*472*20130429~CAS*PR*3*15~CAS*CO*45*56~REF*6R*3113HZN14345840~REF*HPI*1902991391~AMT*B6*69~CLP*3HZN61685920*1*125*49*20*12*780271312380678   00**1~NM1*QC*1*TAMASHAUSKY*LINDA*S***MI*3HZN616859200~NM1*74*1*TAMASHAUSKY*LINDA****C*YHI3HZN61685920~NM1*82*2*M M WIESE WAIBEL LCSW*****XX*1902991391~DTM*050*20130503~DTM*232*20130424~DTM*233*20130424~PER*CX*NATIONAL ACCOUNTS SERVICED IN MT.LAUREL*TE*8006244758~AMT*AU*69~AMT*T2*49~SVC*HC:99199*125*49**1*HC:90834~DTM*472*20130424~CAS*PR*3*20~CAS*CO*45*56~REF*6R*3473HZN61685920~REF*HPI*1902991391~AMT*B6*69~PLB*1902991391*20131231*51:INTEREST PAYMENT*-.07~SE*234*0001~GE*1*139848530~IEA*1*139848530~
