ISA*00*          *00*          *ZZ*330897513      *ZZ*ASSOCIATEDBC   *130510*1953*U*00401*139969264*0*P*:~GS*HP*330897513*ASSOCIATEDBC*20130510*1953*139969264*X*004010X091A1~ST*835*0001~BPR*I*279*C*ACH*CCP*01*031100225*DA*2079950064280/*1220999690**01*231372691*DA*0181143836*20130508~TRN*1*0003558631*1220999690*8352013050903220743~REF*EV*1902991391~DTM*405*20130508~N1*PR*HORIZON BCBSNJ~N3*PAYOR ADDRESS 1~N4*NEWARK*NJ*071010420~REF*2U*22099~N1*PE*M M WIESE WAIBEL LCSW*XX*1902991391~N3*800 RARITAN RD~N4*CLARK*NJ*070661710~REF*PQ*2621359190~REF*TJ*262135919~LX*1~CLP*698623551*1*125*44*25*12*780271312380680   00**1~NM1*QC*1*KARDOS*LISA****MI*SKQAN4254520~NM1*82*2*M M WIESE WAIBEL LCSW*****XX*1902991391~DTM*050*20130503~DTM*232*20130426~DTM*233*20130426~AMT*AU*69~AMT*T2*44~SVC*HC:99199*125*44**1*HC:90834~DTM*472*20130426~CAS*PR*3*25~CAS*CO*45*56~REF*6R*314698623551~REF*HPI*1902991391~AMT*B6*69~CLP*ROQ5052733500*1*125*44*25*12*780281312307130   00**1~NM1*QC*1*KOVATCH*LISA****MI*ROQ5052733500~NM1*82*2*M M WIESE WAIBEL LCSW*****XX*1902991391~DTM*050*20130503~DTM*232*20130424~DTM*233*20130424~AMT*AU*69~AMT*T2*44~SVC*HC:99199*125*44**1*HC:90834~DTM*472*20130424~CAS*PR*3*25~CAS*CO*45*56~REF*6R*315ROQ5052733500~REF*HPI*1902991391~AMT*B6*69~CLP*DZVAN4492387*1*250*98*40*12*780281312307128   00**1~NM1*QC*1*PRIBUSH*KATHLEEN****MI*DZVAN4492387~NM1*IL*1*PRIBUSH*JEFF****MI*DZVAN4492387~NM1*82*2*M M WIESE WAIBEL LCSW*****XX*1902991391~DTM*050*20130503~DTM*232*20130417~DTM*233*20130424~AMT*AU*138~AMT*T2*98~SVC*HC:99199*125*49**1*HC:90834~DTM*472*20130417~CAS*PR*3*20~CAS*CO*45*56~REF*6R*336DZVAN4492387~REF*HPI*1902991391~AMT*B6*69~SVC*HC:99199*125*49**1*HC:90834~DTM*472*20130424~CAS*PR*3*20~CAS*CO*45*56~REF*6R*337DZVAN4492387~REF*HPI*1902991391~AMT*B6*69~CLP*698623569*1*125*49*20*12*780281312306024   00**1~NM1*QC*1*RABADEAU*KATHLEEN****MI*DZVAN4490966~NM1*82*2*M M WIESE WAIBEL LCSW*****XX*1902991391~DTM*050*20130503~DTM*232*20130423~DTM*233*20130423~AMT*AU*69~AMT*T2*49~SVC*HC:99199*125*49**1*HC:90834~DTM*472*20130423~CAS*PR*3*20~CAS*CO*45*56~REF*6R*338698623569~REF*HPI*1902991391~AMT*B6*69~CLP*BLM88988917*1*125*44*25*12*780271312381108   00**1~NM1*QC*1*STRYKER*MELISSA****MI*BLM88988917~NM1*IL*1*MARTA*THOMAS*J***MI*BLM88988917~NM1*82*2*M M WIESE WAIBEL LCSW*****XX*1902991391~DTM*050*20130503~DTM*232*20130422~DTM*233*20130422~AMT*AU*69~AMT*T2*44~SVC*HC:99199*125*44**1*HC:90834~DTM*472*20130422~CAS*PR*3*25~CAS*CO*45*56~REF*6R*345BLM88988917~REF*HPI*1902991391~AMT*B6*69~SE*100*0001~GE*1*139969264~IEA*1*139969264~
