ISA*00*          *00*          *ZZ*330897513      *ZZ*ASSOCIATEDBC   *130513*1252*U*00401*140099811*0*P*:~GS*HP*330897513*ASSOCIATEDBC*20130513*1252*140099811*X*004010X091A1~ST*835*0001~BPR*I*250*C*ACH*CCP*01*031100225*DA*2079950064280/*1220999690**01*231372691*DA*0181143836*20130509~TRN*1*0003565763*1220999690*8352013051003310755~REF*EV*1902991391~DTM*405*20130509~N1*PR*HORIZON BCBSNJ~N3*PAYOR ADDRESS 1~N4*NEWARK*NJ*071010420~REF*2U*22099~N1*PE*M M WIESE WAIBEL LCSW*XX*1902991391~N3*800 RARITAN RD~N4*CLARK*NJ*070661710~REF*PQ*2621359190~REF*TJ*262135919~LX*1~CLP*3HZN03939260*1*125*45*15*13*780281312307137   00**1~NM1*QC*1*SOMERS*ELAINE****MI*YHQ3HZN03939260~NM1*IL*1*SOMERS*ROBERT****MI*3HZN039392600~NM1*82*2*M M WIESE WAIBEL LCSW*****XX*1902991391~DTM*050*20130503~DTM*232*20130426~DTM*233*20130426~PER*CX*HORIZON BLUE CROSS BLUE SHIELD OF NEW JERSEY DIRECT ACCESS*TE*8006241110~AMT*AU*60~AMT*T2*45~SVC*HC:99199*125*45**1*HC:90834~DTM*472*20130426~CAS*PR*3*15~CAS*CO*45*65~REF*6R*3443HZN03939260~REF*HPI*1902991391~AMT*B6*60~CLP*HSE3HZN63444600*1*250*70*50*13*780271312110701   00**1~NM1*QC*1*GRANT*MACY****MI*3HZN63444600~NM1*IL*1*MOUNT*TIMOTHY*S***MI*3HZN634446000~NM1*82*2*M M WIESE WAIBEL LCSW*****XX*1902991391~DTM*050*20130430~DTM*232*20121031~DTM*233*20121127~PER*CX*NATIONAL ACCOUNTS POS*TE*8006244758~AMT*AU*120~AMT*T2*70~SVC*HC:90806*125*35**1~DTM*472*20121031~CAS*PR*3*25~CAS*CO*45*65~REF*6R*000001~REF*HPI*1902991391~AMT*B6*60~SVC*HC:90806*125*35**1~DTM*472*20121127~CAS*PR*3*25~CAS*CO*45*65~REF*6R*000002~REF*HPI*1902991391~AMT*B6*60~CLP*HSE3HZN634446*1*250*70*50*13*780281312307129   00**1~NM1*QC*1*GRANT*MACY****MI*HSE3HZN63444600~NM1*IL*1*MOUNT*TIMOTHY****MI*3HZN634446000~NM1*74*1*MOUNT*TIMOTHY*S***C*3HZN634446000~NM1*82*2*M M WIESE WAIBEL LCSW*****XX*1902991391~DTM*050*20130503~DTM*232*20130416~DTM*233*20130424~PER*CX*NATIONAL ACCOUNTS POS*TE*8006244758~AMT*AU*120~AMT*T2*70~SVC*HC:99199*125*35**1*HC:90834~DTM*472*20130416~CAS*PR*3*25~CAS*CO*45*65~REF*6R*307HSE3HZN634446~REF*HPI*1902991391~AMT*B6*60~SVC*HC:99199*125*35**1*HC:90834~DTM*472*20130424~CAS*PR*3*25~CAS*CO*45*65~REF*6R*308HSE3HZN634446~REF*HPI*1902991391~AMT*B6*60~CLP*3HZN69937170*1*125*35*25*13*780281312306768   00**1~NM1*QC*1*ORSINI*SUSAN*J***MI*HEF3HZN69937170~NM1*IL*1*ORSINI*NICHOLAS****MI*3HZN699371700~NM1*74*1*ORSINI*NICHOLAS*R***C*3HZN699371700~NM1*82*2*M M WIESE WAIBEL LCSW*****XX*1902991391~DTM*050*20130503~DTM*232*20130417~DTM*233*20130417~PER*CX*NATIONAL ACCOUNTS POS*TE*8006244758~AMT*AU*60~AMT*T2*35~SVC*HC:99199*125*35**1*HC:90834~DTM*472*20130417~CAS*PR*3*25~CAS*CO*45*65~REF*6R*3323HZN69937170~REF*HPI*1902991391~AMT*B6*60~CLP*3HZN04240760*1*375*30*150*13*780271312380657   00**1~NM1*QC*1*RICKERT*SUSAN*M***MI*YHX3HZN04240760~NM1*IL*1*RICKERT*WILLIAM*L***MI*3HZN042407601~NM1*82*2*M M WIESE WAIBEL LCSW*****XX*1902991391~DTM*050*20130503~DTM*232*20130416~DTM*233*20130430~PER*CX*NATIONAL ACCOUNTS POS*TE*8006244758~AMT*AU*180~AMT*T2*30~SVC*HC:99199*125*10**1*HC:90834~DTM*472*20130416~CAS*PR*3*50~CAS*CO*45*65~REF*6R*3393HZN04240760~REF*HPI*1902991391~AMT*B6*60~SVC*HC:99199*125*10**1*HC:90834~DTM*472*20130423~CAS*PR*3*50~CAS*CO*45*65~REF*6R*3403HZN04240760~REF*HPI*1902991391~AMT*B6*60~SVC*HC:99199*125*10**1*HC:90834~DTM*472*20130430~CAS*PR*3*50~CAS*CO*45*65~REF*6R*3413HZN04240760~REF*HPI*1902991391~AMT*B6*60~SE*131*0001~ST*835*0002~BPR*I*32.62*C*ACH*CCP*01*031100225*DA*2079950064280/*1220999690**01*231372691*DA*0181143836*20130510~TRN*1*0003573320*1220999690*8352013051105370790~REF*EV*1902991391~DTM*405*20130510~N1*PR*HORIZON BCBSNJ~N3*PAYOR ADDRESS 1~N4*NEWARK*NJ*071010420~REF*2U*22099~N1*PE*M M WIESE WAIBEL LCSW*XX*1902991391~N3*800 RARITAN RD~N4*CLARK*NJ*070661710~REF*PQ*2621359190~REF*TJ*262135919~LX*1~CLP*151662088*1*125*22.62**15*780281312911464   00**1~NM1*QC*1*CICALESE*KRISTA*A***MI*3HZN98001790~NM1*82*2*M M WIESE WAIBEL LCSW*****XX*1902991391~DTM*050*20130509~DTM*232*20130326~DTM*233*20130326~PER*CX*HORIZON CONTEMPORARY MEDIGAP PLAN C*TE*8006241110~AMT*AU*64.63~AMT*T2*22.62~SVC*HC:99199*125*22.62**1*HC:90834~DTM*472*20130326~CAS*OA*23*102.38~REF*6R*LX#01~REF*HPI*1902991391~AMT*B6*64.63~CLP*3HZN04606950*1*125*10*50*13*780271312380663   00**1~NM1*QC*1*GEARDINO*CATHLIN*V***MI*YHM3HZN04606950~NM1*IL*1*GEARDINO*THEODORE****MI*3HZN046069501~NM1*82*2*M M WIESE WAIBEL LCSW*****XX*1902991391~DTM*050*20130503~DTM*232*20130418~DTM*233*20130418~PER*CX*HORIZON BLUE CROSS BLUE SHIELD OF NEW JERSEY DIRECT ACCESS*TE*8006241110~AMT*AU*60~AMT*T2*10~SVC*HC:99199*125*10**1*HC:90834~DTM*472*20130418~CAS*PR*3*50~CAS*CO*45*65~REF*6R*3053HZN04606950~REF*HPI*1902991391~AMT*B6*60~SE*48*0002~ST*835*0003~BPR*I*49*C*CHK************20130510~TRN*1*153870611*1220999690*22099~DTM*405*20130510~N1*PR*HORIZON BCBSNJ~N3*3 PENN PLAZA~N4*NEWARK*NJ*071010420~REF*2U*22099~PER*CX**TE*8883349242~N1*PE*M M WIESE WAIBEL LCSW*XX*1902991391~N3*800 RARITAN ROAD~N4*CLARK*NJ*070661710~REF*TJ*262135919~LX*1~CLP*R58027107*1*125*49*20*12*28131230677500780*11*1~NM1*QC*1*MULLIGAN*CHERYL****MI*R58027107~NM1*IL*1*MULLIGAN*THOMAS****MI*R58027107~DTM*050*20130503~DTM*232*20130424~AMT*AU*69~SVC*HC:90834*125*49**1~DTM*472*20130424~CAS*PR*2*20~CAS*CO*45*56~REF*6R*330R58027107~AMT*B6*69~SE*27*0003~GE*3*140099811~IEA*1*140099811~
