ISA*00*          *00*          *ZZ*330897513      *ZZ*ASSOCIATEDBC   *130514*1944*U*00401*140313758*0*P*:~GS*HP*330897513*ASSOCIATEDBC*20130514*1944*140313758*X*004010X091A1~ST*835*0001~BPR*I*569.44*C*ACH*CCP*01*021200025*DA*2000012995156*1216000928*021200025*01*221283512*DA*95665700570381*20130517~TRN*1*3AG028786*1216000928*021200025~REF*EV*9904204~DTM*405*20130510~N1*PR*NEW JERSEY MEDICAID~N3*3705 QUAKERBRIDGE ROAD, SUITE 101~N4*TRENTON*NJ*086191288~PER*CX*NEW JERSEY MEDICAID PROVIDER SERVICES*TE*8007766334~N1*PE*WAY          KAREN      GPHD*XX*1477603942~REF*PQ*0225177~REF*TJ*008388097~LX*1~CLP*233057655620*2*150*71.18**MC*201312610056801-125816250976*11~NM1*QC*1*CONSU*B****MR*233057655620~DTM*232*20130103~DTM*233*20130103~AMT*AU*71.18~SVC*HC:90806*150*71.18**1**0~DTM*472*20130103~CAS*CO*23*71.18**45*7.64~AMT*B6*71.18~LQ*HE*N45~LQ*HE*M58~LQ*HE*M86~CLP*243065069821*4*150*0**MC*201312810122401-12580762*11~NM1*QC*1*DIEFE*N****MR*243065069821~DTM*232*20130104~DTM*233*20130104~SVC*HC:90806*150*0~DTM*472*20130104~CAS*OA*16*150~AMT*B6*71.18~LQ*HE*N45~LQ*HE*N14~CLP*123035462701*4*150*0**MC*201312810119501-0762*11~NM1*QC*1*DIXMO*K****MR*123035462701~DTM*232*20130108~DTM*233*20130108~SVC*HC:90806*150*0~DTM*472*20130108~CAS*OA*16*150~AMT*B6*26~LQ*HE*N14~CLP*233057655620*2*150*71.18**MC*201312610056802-125816250976*11~NM1*QC*1*CONSU*B****MR*233057655620~DTM*232*20130110~DTM*233*20130110~AMT*AU*71.18~SVC*HC:90806*150*71.18**1**0~DTM*472*20130110~CAS*CO*23*71.18**45*7.64~AMT*B6*71.18~LQ*HE*N45~LQ*HE*M58~LQ*HE*M86~CLP*123035462701*4*150*0**MC*201312810119502-0762*11~NM1*QC*1*DIXMO*K****MR*123035462701~DTM*232*20130111~DTM*233*20130111~SVC*HC:90806*150*0~DTM*472*20130111~CAS*OA*16*150~AMT*B6*26~LQ*HE*N14~CLP*243065069821*4*150*0**MC*201312810122402-12580762*11~NM1*QC*1*DIEFE*N****MR*243065069821~DTM*232*20130111~DTM*233*20130111~SVC*HC:90806*150*0~DTM*472*20130111~CAS*OA*16*150~AMT*B6*71.18~LQ*HE*N45~LQ*HE*N14~CLP*123035462701*4*150*0**MC*201312810119503-0762*11~NM1*QC*1*DIXMO*K****MR*123035462701~DTM*232*20130115~DTM*233*20130115~SVC*HC:90806*150*0~DTM*472*20130115~CAS*OA*16*150~AMT*B6*26~LQ*HE*N14~CLP*123035462701*4*150*0**MC*201303756130701-06080464*11*1~NM1*QC*1*DIX-MOON*KIMBERLI****MR*123035462701~DTM*232*20130124~DTM*233*20130124~SVC*HC:90834*150*0~DTM*472*20130124~CAS*OA*16*150~REF*6R*348123035462701~LQ*HE*N29~CLP*123035462701*4*150*0**MC*201312810119504-0762*11~NM1*QC*1*DIXMO*K****MR*123035462701~DTM*232*20130124~DTM*233*20130124~SVC*HC:90806*150*0~DTM*472*20130124~CAS*OA*16*150~AMT*B6*26~LQ*HE*N14~CLP*233057655620*2*150*71.18**MC*201312610058801-125816250976*11~NM1*QC*1*CONSU*B****MR*233057655620~DTM*232*20130207~DTM*233*20130207~AMT*AU*71.18~SVC*HC:90806*150*71.18**1**0~DTM*472*20130207~CAS*CO*23*71.18**45*7.64~AMT*B6*71.18~LQ*HE*N45~LQ*HE*M58~LQ*HE*M86~CLP*243065069821*4*150*0**MC*201312810122403-12580762*11~NM1*QC*1*DIEFE*N****MR*243065069821~DTM*232*20130211~DTM*233*20130211~SVC*HC:90806*150*0~DTM*472*20130211~CAS*OA*16*150~AMT*B6*71.18~LQ*HE*N45~LQ*HE*N14~CLP*123035462701*4*150*0**MC*201312810119505-0762*11~NM1*QC*1*DIXMO*K****MR*123035462701~DTM*232*20130214~DTM*233*20130214~SVC*HC:90806*150*0~DTM*472*20130214~CAS*OA*16*150~AMT*B6*26~LQ*HE*N14~CLP*233057655620*2*150*71.18**MC*201312610058802-125816250976*11~NM1*QC*1*CONSU*B****MR*233057655620~DTM*232*20130214~DTM*233*20130214~AMT*AU*71.18~SVC*HC:90806*150*71.18**1**0~DTM*472*20130214~CAS*CO*23*71.18**45*7.64~AMT*B6*71.18~LQ*HE*N45~LQ*HE*M58~LQ*HE*M86~CLP*243065069821*4*150*0**MC*201312810122404-12580762*11~NM1*QC*1*DIEFE*N****MR*243065069821~DTM*232*20130218~DTM*233*20130218~SVC*HC:90806*150*0~DTM*472*20130218~CAS*OA*16*150~AMT*B6*71.18~LQ*HE*N45~LQ*HE*N14~CLP*123035462701*4*150*0**MC*201312810119506-0762*11~NM1*QC*1*DIXMO*K****MR*123035462701~DTM*232*20130219~DTM*233*20130219~SVC*HC:90806*150*0~DTM*472*20130219~CAS*OA*16*150~AMT*B6*26~LQ*HE*N14~CLP*123035462701*4*150*0**MC*201312810120701-0762*11~NM1*QC*1*DIXMO*K****MR*123035462701~DTM*232*20130222~DTM*233*20130222~SVC*HC:90806*150*0~DTM*472*20130222~CAS*OA*16*150~AMT*B6*26~LQ*HE*N14~CLP*123035462701*4*150*0**MC*201312810120702-0762*11~NM1*QC*1*DIXMO*K****MR*123035462701~DTM*232*20130226~DTM*233*20130226~SVC*HC:90806*150*0~DTM*472*20130226~CAS*OA*16*150~AMT*B6*26~LQ*HE*N14~CLP*243065069821*4*150*0**MC*201312810122405-12580762*11~NM1*QC*1*DIEFE*N****MR*243065069821~DTM*232*20130227~DTM*233*20130227~SVC*HC:90806*150*0~DTM*472*20130227~CAS*OA*16*150~AMT*B6*71.18~LQ*HE*N45~LQ*HE*N14~CLP*123035462701*4*150*0**MC*201312810120703-0762*11~NM1*QC*1*DIXMO*K****MR*123035462701~DTM*232*20130301~DTM*233*20130301~SVC*HC:90806*150*0~DTM*472*20130301~CAS*OA*16*150~AMT*B6*26~LQ*HE*N14~CLP*123035462701*4*150*0**MC*201312810120704-0762*11~NM1*QC*1*DIXMO*K****MR*123035462701~DTM*232*20130305~DTM*233*20130305~SVC*HC:90806*150*0~DTM*472*20130305~CAS*OA*16*150~AMT*B6*26~LQ*HE*N14~CLP*233057655620*2*150*71.18**MC*201312610060201-125816250976*11~NM1*QC*1*CONSU*B****MR*233057655620~DTM*232*20130307~DTM*233*20130307~AMT*AU*71.18~SVC*HC:90806*150*71.18**1**0~DTM*472*20130307~CAS*CO*23*71.18**45*7.64~AMT*B6*71.18~LQ*HE*N45~LQ*HE*M58~LQ*HE*M86~CLP*233057655620*2*150*71.18**MC*201312610060202-125816250976*11~NM1*QC*1*CONSU*B****MR*233057655620~DTM*232*20130314~DTM*233*20130314~AMT*AU*71.18~SVC*HC:90806*150*71.18**1**0~DTM*472*20130314~CAS*CO*23*71.18**45*7.64~AMT*B6*71.18~LQ*HE*N45~LQ*HE*M58~LQ*HE*M86~CLP*233057655620*2*150*71.18**MC*201312610060203-125816250976*11~NM1*QC*1*CONSU*B****MR*233057655620~DTM*232*20130321~DTM*233*20130321~AMT*AU*71.18~SVC*HC:90806*150*71.18**1**0~DTM*472*20130321~CAS*CO*23*71.18**45*7.64~AMT*B6*71.18~LQ*HE*N45~LQ*HE*M58~LQ*HE*M86~CLP*233057655620*2*150*71.18**MC*201312610060204-125816250976*11~NM1*QC*1*CONSU*B****MR*233057655620~DTM*232*20130328~DTM*233*20130328~AMT*AU*71.18~SVC*HC:90806*150*71.18**1**0~DTM*472*20130328~CAS*CO*23*71.18**45*7.64~AMT*B6*71.18~LQ*HE*N45~LQ*HE*M58~LQ*HE*M86~CLP*123035462701*4*150*0**MC*201312810120705-0762*11~NM1*QC*1*DIXMO*K****MR*123035462701~DTM*232*20130409~DTM*233*20130409~SVC*HC:90806*150*0~DTM*472*20130409~CAS*OA*16*150~AMT*B6*26~LQ*HE*N14~CLP*123035462701*4*150*0**MC*201312810120706-0762*11~NM1*QC*1*DIXMO*K****MR*123035462701~DTM*232*20130423~DTM*233*20130423~SVC*HC:90806*150*0~DTM*472*20130423~CAS*OA*16*150~AMT*B6*26~LQ*HE*N14~CLP*123035462701*4*150*0**MC*201312810121201-0762*11~NM1*QC*1*DIXMO*K****MR*123035462701~DTM*232*20130426~DTM*233*20130426~SVC*HC:90806*150*0~DTM*472*20130426~CAS*OA*16*150~AMT*B6*26~LQ*HE*N14~CLP*123035462701*4*150*0**MC*201312810121202-0762*11~NM1*QC*1*DIXMO*K****MR*123035462701~DTM*232*20130430~DTM*233*20130430~SVC*HC:90806*150*0~DTM*472*20130430~CAS*OA*16*150~AMT*B6*26~LQ*HE*N14~SE*295*0001~GE*1*140313758~IEA*1*140313758~
