ISA*00*          *00*          *ZZ*330897513      *ZZ*ASSOCIATEDBC   *130520*1256*U*00401*140885592*0*P*:~GS*HP*330897513*ASSOCIATEDBC*20130520*1256*140885592*X*004010X091A1~ST*835*0001~BPR*I*108*C*ACH*CCP*01*031100225*DA*2079950064280/*1220999690**01*231372691*DA*0181143836*20130516~TRN*1*0003600021*1220999690*8352013051703260738~REF*EV*1902991391~DTM*405*20130516~N1*PR*HORIZON BCBSNJ~N3*PAYOR ADDRESS 1~N4*NEWARK*NJ*071010420~REF*2U*22099~N1*PE*M M WIESE WAIBEL LCSW*XX*1902991391~N3*800 RARITAN RD~N4*CLARK*NJ*070661710~REF*PQ*2621359190~REF*TJ*262135919~LX*1~CLP*8900A130511*1*125*59*10*12*780261313519168   00**1~NM1*QC*1*DOHERTY*MARCELLE*N***MI*YHB3HZN74465430~NM1*IL*1*DOHERTY*DANIEL****MI*3HZN744654300~NM1*74*1*DOHERTY*DANIEL*J***C*3HZN744654300~NM1*82*2*M M WIESE WAIBEL LCSW*****XX*1902991391~DTM*050*20130514~DTM*232*20130502~DTM*233*20130502~PER*CX*NATIONAL ACCOUNTS SERVICED IN MT.LAUREL*TE*8006244758~AMT*AU*69~AMT*T2*59~SVC*HC:99199*125*59**1*HC:90834~DTM*472*20130502~CAS*PR*3*10~CAS*CO*45*56~REF*6R*0~REF*HPI*1902991391~AMT*B6*69~CLP*8800A130511*1*125*49*20*12*780261313517922   00**1~NM1*QC*1*TAMASHAUSKY*LINDA****MI*YHI3HZN61685920~NM1*82*2*M M WIESE WAIBEL LCSW*****XX*1902991391~DTM*050*20130514~DTM*232*20130508~DTM*233*20130508~PER*CX*NATIONAL ACCOUNTS SERVICED IN MT.LAUREL*TE*8006244758~AMT*AU*69~AMT*T2*49~SVC*HC:99199*125*49**1*HC:90834~DTM*472*20130508~CAS*PR*3*20~CAS*CO*45*56~REF*6R*0~REF*HPI*1902991391~AMT*B6*69~SE*50*0001~GE*1*140885592~IEA*1*140885592~
