ISA*00*          *00*          *ZZ*330897513      *ZZ*ASSOCIATEDBC   *130521*0336*U*00401*140970342*0*P*:~GS*HP*330897513*ASSOCIATEDBC*20130521*0336*140970342*X*004010X091A1~ST*835*0001~BPR*I*77.7*C*CHK************20130521~TRN*1*09822-009443373*1066033492~REF*EV*330897513~DTM*405*20130521~N1*PR*AETNA~N3*151 FARMINGTON AVENUE~N4*HARTFORD*CT*06156~N1*PE*CHATMAN-FINLEY, DEBRA D*XX*1346469632~N3*134 W END AVE FL 2~N4*SOMERVILLE*NJ*088761816~REF*PQ*183005000~REF*TJ*264224733~LX*1~TS3*1346469632*11*20131231*1*150~CLP*701929914*1*150*77.7*72.3*13*EV346PBPT0000*11*1~NM1*QC*1*PASKE*TARA~NM1*IL*1*PASKE*MARK****MI*W17941436703~NM1*74*1******C*W179414367~NM1*82*1*CHATMAN-FINLEY*DEBRA*D***XX*1346469632~REF*1L*0307138-010-00005-MA~REF*CE*AETNA CHOICE  POS II~DTM*050*20130510~DTM*232*20130424~DTM*233*20130424~PER*CX**TE*8886323862~AMT*AU*150~SVC*HC:90847*150*77.7**1~DTM*472*20130424~CAS*PR*2*33.3**45*39~REF*6R*337701929914~AMT*B6*111~LQ*HE*N130~SE*34*0001~ST*835*0002~BPR*I*96.46*C*CHK************20130521~TRN*1*08325-091642421*1066033492~REF*EV*330897513~DTM*405*20130521~N1*PR*AETNA~N3*151 FARMINGTON AVENUE~N4*HARTFORD*CT*06156~N1*PE*CHATMAN-FINLEY, DEBRA D*XX*1346469632~N3*134 W END AVE FL 2~N4*SOMERVILLE*NJ*088761816~REF*PQ*183005000~REF*TJ*264224733~LX*1~TS3*1346469632*11*20131231*1*280~CLP*701929904*1*280*96.46*183.54*13*ETJK6P5690000*11*1~NM1*QC*1*HAHN*KRISTINA~NM1*IL*1*HAHN*DEBRA****MI*W075948199~NM1*82*1*CHATMAN-FINLEY*DEBRA*D***XX*1346469632~REF*1L*0100462-042-00004-PX~REF*CE*AETNA CHOICE  POS II~DTM*050*20130510~DTM*232*20130423~DTM*233*20130430~PER*CX**TE*8886323862~AMT*AU*280~SVC*HC:90834*140*28.6**1~DTM*472*20130423~CAS*PR*1*60.4**2*15.4**45*35.6~REF*6R*322701929904~AMT*B6*104.4~LQ*HE*N130~SVC*HC:90834*140*67.86**1~DTM*472*20130430~CAS*PR*2*36.54**45*35.6~REF*6R*323701929904~AMT*B6*104.4~LQ*HE*N130~SE*39*0002~GE*2*140970342~IEA*1*140970342~
