ISA*00*          *00*          *ZZ*330897513      *ZZ*ASSOCIATEDBC   *130521*1910*U*00401*141090601*0*P*:~GS*HP*330897513*ASSOCIATEDBC*20130521*1910*141090601*X*004010X091A1~ST*835*0001~BPR*I*44*C*ACH*CCP*01*031100225*DA*2079950064280/*1220999690**01*231372691*DA*0181143836*20130518~TRN*1*0003615429*1220999690*8352013052005570765~REF*EV*1902991391~DTM*405*20130518~N1*PR*HORIZON BCBSNJ~N3*PAYOR ADDRESS 1~N4*NEWARK*NJ*071010420~REF*2U*22099~N1*PE*M M WIESE WAIBEL LCSW*XX*1902991391~N3*800 RARITAN RD~N4*CLARK*NJ*070661710~REF*PQ*2621359190~REF*TJ*262135919~LX*1~CLP*BLM88988917*22*-125*0**12*780271301817000   01**1~NM1*QC*1*STRYKER*MELISSA****MI*BLM88988917~NM1*IL*1*MARTA*THOMAS*J***MI*BLM88988917~NM1*82*2*M M WIESE WAIBEL LCSW*****XX*1902991391~DTM*050*20130514~DTM*232*20130114~DTM*233*20130114~SVC*HC:99199*-125*0**1*HC:90834~DTM*472*20130114~CAS*CR*181*-125~REF*6R*772BLM88988917~REF*HPI*1902991391~CLP*BLM88988917*1*125*44*25*12*780271301817000   02**1~NM1*QC*1*STRYKER*MELISSA****MI*BLM88988917~NM1*IL*1*MARTA*THOMAS*J***MI*BLM88988917~NM1*82*2*M M WIESE WAIBEL LCSW*****XX*1902991391~DTM*050*20130514~DTM*232*20130114~DTM*233*20130114~AMT*AU*69~AMT*T2*44~SVC*HC:99199*125*44**1*HC:90834~DTM*472*20130114~CAS*PR*3*25~CAS*CO*45*56~REF*6R*772BLM88988917~REF*HPI*1902991391~AMT*B6*69~SE*44*0001~GE*1*141090601~IEA*1*141090601~
