ISA*00*          *00*          *ZZ*330897513      *ZZ*ASSOCIATEDBC   *130527*1920*U*00401*141629387*0*P*:~GS*HP*330897513*ASSOCIATEDBC*20130527*1920*141629387*X*004010X091A1~ST*835*0001~BPR*I*260*C*ACH*CCP*01*031100225*DA*2079950064280/*1220999690**01*231372691*DA*0181143836*20130523~TRN*1*0003637695*1220999690*8352013052404270770~REF*EV*1902991391~DTM*405*20130523~N1*PR*HORIZON BCBSNJ~N3*PAYOR ADDRESS 1~N4*NEWARK*NJ*071010420~REF*2U*22099~N1*PE*M M WIESE WAIBEL LCSW*XX*1902991391~N3*800 RARITAN RD~N4*CLARK*NJ*070661710~REF*PQ*2621359190~REF*TJ*262135919~LX*1~CLP*3HZN93560760*1*250*98*40*12*780261314243697   00**1~NM1*QC*1*CELSO*CARLA****MI*CBZ3HZN93560760~NM1*IL*1*CELSO*EMIDDIA****MI*3HZN935607600~NM1*82*2*M M WIESE WAIBEL LCSW*****XX*1902991391~DTM*050*20130521~DTM*232*20130506~DTM*233*20130513~PER*CX*NATIONAL ACCOUNTS SERVICED IN MT.LAUREL*TE*8006244758~AMT*AU*138~AMT*T2*98~SVC*HC:99199*125*49**1*HC:90834~DTM*472*20130506~CAS*PR*3*20~CAS*CO*45*56~REF*6R*5483HZN93560760~REF*HPI*1902991391~AMT*B6*69~SVC*HC:99199*125*49**1*HC:90834~DTM*472*20130513~CAS*PR*3*20~CAS*CO*45*56~REF*6R*5493HZN93560760~REF*HPI*1902991391~AMT*B6*69~CLP*3HZN56316950*1*250*108*30*12*780261314232298   00**1~NM1*QC*1*DUFFY*JULIE****MI*3HZN563169500~NM1*74*1*DUFFY*JULIE*A***C*YHB3HZN56316950~NM1*82*2*M M WIESE WAIBEL LCSW*****XX*1902991391~DTM*050*20130521~DTM*232*20130503~DTM*233*20130510~PER*CX*NATIONAL ACCOUNTS SERVICED IN MT.LAUREL*TE*8006244758~AMT*AU*138~AMT*T2*108~SVC*HC:99199*125*54**1*HC:90834~DTM*472*20130503~CAS*PR*3*15~CAS*CO*45*56~REF*6R*5653HZN56316950~REF*HPI*1902991391~AMT*B6*69~SVC*HC:99199*125*54**1*HC:90834~DTM*472*20130510~CAS*PR*3*15~CAS*CO*45*56~REF*6R*5663HZN56316950~REF*HPI*1902991391~AMT*B6*69~CLP*3HZN14345840*1*125*54*15*12*780261314243375   00**1~NM1*QC*1*GREFFER*CHANTAL****MI*3HZN143458400~NM1*74*1*GREFFER*CHANTAL*M***C*YHB3HZN14345840~NM1*82*2*M M WIESE WAIBEL LCSW*****XX*1902991391~DTM*050*20130521~DTM*232*20130513~DTM*233*20130513~PER*CX*NATIONAL ACCOUNTS SERVICED IN MT.LAUREL*TE*8006244758~AMT*AU*69~AMT*T2*54~SVC*HC:99199*125*54**1*HC:90834~DTM*472*20130513~CAS*PR*3*15~CAS*CO*45*56~REF*6R*5823HZN14345840~REF*HPI*1902991391~AMT*B6*69~SE*81*0001~ST*835*0002~BPR*I*12.62*C*ACH*CCP*01*031100225*DA*2079950064280/*1220999690**01*231372691*DA*0181143836*20130524~TRN*1*0003645012*1220999690*8352013052504260771~REF*EV*1902991391~DTM*405*20130524~N1*PR*HORIZON BCBSNJ~N3*PAYOR ADDRESS 1~N4*NEWARK*NJ*071010420~REF*2U*22099~N1*PE*M M WIESE WAIBEL LCSW*XX*1902991391~N3*800 RARITAN RD~N4*CLARK*NJ*070661710~REF*PQ*2621359190~REF*TJ*262135919~LX*1~CLP*143342949*2*125*12.62*10*13*780291314218339   00**1~NM1*QC*1*COSQUER*DOLORES****MI*3HZN22671350~NM1*82*2*M M WIESE WAIBEL LCSW*****XX*1902991391~DTM*050*20130522~DTM*232*20130403~DTM*233*20130403~PER*CX*NJ DIRECT*TE*8006241110~AMT*AU*63.79~AMT*T2*12.62~SVC*HC:99199*125*12.62**1*HC:90834~DTM*472*20130403~CAS*PR*3*10~CAS*OA*23*102.38~REF*6R*LX#01~REF*HPI*1902991391~AMT*B6*63.79~SE*32*0002~ST*835*0003~BPR*I*49*C*CHK************20130524~TRN*1*154214174*1220999690*22099~DTM*405*20130524~N1*PR*HORIZON BCBSNJ~N3*3 PENN PLAZA~N4*NEWARK*NJ*071010420~REF*2U*22099~PER*CX**TE*8883349242~N1*PE*M M WIESE WAIBEL LCSW*XX*1902991391~N3*800 RARITAN ROAD~N4*CLARK*NJ*070661710~REF*TJ*262135919~LX*1~CLP*R58027107*1*125*49*20*12*26131423254300780*11*1~NM1*QC*1*MULLIGAN*CHERYL****MI*R58027107~NM1*IL*1*MULLIGAN*THOMAS****MI*R58027107~DTM*050*20130521~DTM*232*20130508~AMT*AU*69~SVC*HC:90834*125*49**1~DTM*472*20130508~CAS*PR*2*20~CAS*CO*45*56~REF*6R*621R58027107~AMT*B6*69~SE*27*0003~ST*835*0004~BPR*I*286*C*ACH*CCP*01*031100225*DA*2079950064280/*1220999690**01*231372691*DA*0181143836*20130525~TRN*1*0003652326*1220999690*8352013052613230797~REF*EV*1902991391~DTM*405*20130525~N1*PR*HORIZON BCBSNJ~N3*PAYOR ADDRESS 1~N4*NEWARK*NJ*071010420~REF*2U*22099~N1*PE*M M WIESE WAIBEL LCSW*XX*1902991391~N3*800 RARITAN RD~N4*CLARK*NJ*070661710~REF*PQ*2621359190~REF*TJ*262135919~LX*1~CLP*704953790*1*125*44*25*12*780261314289761   00**1~NM1*QC*1*KARDOS*LISA****MI*SKQAN4254520~NM1*82*2*M M WIESE WAIBEL LCSW*****XX*1902991391~DTM*050*20130521~DTM*232*20130507~DTM*233*20130507~AMT*AU*69~AMT*T2*44~SVC*HC:99199*125*44**1*HC:90834~DTM*472*20130507~CAS*PR*3*25~CAS*CO*45*56~REF*6R*598704953790~REF*HPI*1902991391~AMT*B6*69~CLP*DZVAN4492387*1*125*49*20*12*780261314243341   00**1~NM1*QC*1*PRIBUSH*KATHLEEN****MI*DZVAN4492387~NM1*IL*1*PRIBUSH*JEFF****MI*DZVAN4492387~NM1*82*2*M M WIESE WAIBEL LCSW*****XX*1902991391~DTM*050*20130521~DTM*232*20130508~DTM*233*20130508~AMT*AU*69~AMT*T2*49~SVC*HC:99199*125*49**1*HC:90834~DTM*472*20130508~CAS*PR*3*20~CAS*CO*45*56~REF*6R*628DZVAN4492387~REF*HPI*1902991391~AMT*B6*69~CLP*704953813*1*125*49*20*12*780261314247108   00**1~NM1*QC*1*RABADEAU*KATHLEEN****MI*DZVAN4490966~NM1*82*2*M M WIESE WAIBEL LCSW*****XX*1902991391~DTM*050*20130521~DTM*232*20130507~DTM*233*20130507~AMT*AU*69~AMT*T2*49~SVC*HC:99199*125*49**1*HC:90834~DTM*472*20130507~CAS*PR*3*20~CAS*CO*45*56~REF*6R*630704953813~REF*HPI*1902991391~AMT*B6*69~CLP*BLM88988917*1*125*44*25*12*780261314201235   00**1~NM1*QC*1*STRYKER*MELISSA****MI*BLM88988917~NM1*IL*1*MARTA*THOMAS*J***MI*BLM88988917~NM1*82*2*M M WIESE WAIBEL LCSW*****XX*1902991391~DTM*050*20130521~DTM*232*20130513~DTM*233*20130513~AMT*AU*69~AMT*T2*44~SVC*HC:99199*125*44**1*HC:90834~DTM*472*20130513~CAS*PR*3*25~CAS*CO*45*56~REF*6R*651BLM88988917~REF*HPI*1902991391~AMT*B6*69~CLP*3HZN77593920*1*250*100*20*13*780271314214978   00**1~NM1*QC*1*DANIELSON*CHRISTINE****MI*NJX3HZN77593920~NM1*IL*1*FAUGHNAN*RICHARD****MI*3HZN775939201~NM1*74*1*FAUGHNAN*RICHARD*F***C*3HZN775939201~NM1*82*2*M M WIESE WAIBEL LCSW*****XX*1902991391~DTM*050*20130521~DTM*232*20130513~DTM*233*20130515~PER*CX*NJ DIRECT*TE*8006241110~AMT*AU*120~AMT*T2*100~SVC*HC:99199*125*50**1*HC:90834~DTM*472*20130513~CAS*PR*3*10~CAS*CO*45*65~REF*6R*5593HZN77593920~REF*HPI*1902991391~AMT*B6*60~SVC*HC:99199*125*50**1*HC:90834~DTM*472*20130515~CAS*PR*3*10~CAS*CO*45*65~REF*6R*5603HZN77593920~REF*HPI*1902991391~AMT*B6*60~SE*103*0004~GE*4*141629387~IEA*1*141629387~
