ISA*00*          *00*          *ZZ*330897513      *ZZ*ASSOCIATEDBC   *130529*1655*U*00401*141890710*0*P*:~GS*HP*330897513*ASSOCIATEDBC*20130529*1655*141890710*X*004010X091A1~ST*835*0001~BPR*H*0*C*NON************20130528~TRN*1*20130527105012880EZPS0*1591031071~REF*EV*562291693~REF*F2*GWFC~DTM*405*20130527~N1*PR*GREATWESTHEALTHCARE-CIGNA~N3*8505 E. ORCHARD RD~N4*GREENWOOD VILLAGE*CO*80111~REF*2U*80705~PER*CX*GWHC_EDIPROD*EM*GWHC_EDIPROD@CIGNA.COM*TE*3035665635~N1*PE*DEBRA D. CHATMAN-FINLEY*XX*1346469632~N3*134 W END AVE*FL 2~N4*SOMERVILLE*NJ*088761816~REF*PQ*200005839959~REF*TJ*264224733~LX*0~CLP*707622705*1*280*0**13*130333957100*11~NM1*QC*1*GORDON*CHRISTINA****MI*1016146060~REF*1L*00607826~REF*CE*OPEN ACCESS PLUS~DTM*050*20130525~SVC*HC:90834*140*0**0**1~DTM*472*20130506~CAS*OA*18*140~REF*6R*248707622705~LQ*HE*M86~SVC*HC:90834*140*0**0**1~DTM*472*20130513~CAS*OA*18*140~REF*6R*251707622705~LQ*HE*M86~SE*33*0001~ST*835*0002~BPR*I*133.44*C*CHK************20130527~TRN*1*713074193*1591031071~REF*EV*562291693~REF*F2*GWFC~DTM*405*20130527~N1*PR*GREATWESTHEALTHCARE-CIGNA~N3*8505 E. ORCHARD RD~N4*GREENWOOD VILLAGE*CO*80111~REF*2U*80705~PER*CX*GWHC_EDIPROD*EM*GWHC_EDIPROD@CIGNA.COM*TE*3035665635~N1*PE*DEBRA D. CHATMAN-FINLEY*XX*1346469632~N3*134 W END AVE*FL 2~N4*SOMERVILLE*NJ*088761816~REF*PQ*200005839959~REF*TJ*264224733~LX*0~CLP*707554491*1*280*133.44**13*130333956900*11~NM1*QC*1*GORDON*CHRISTINA****MI*1016146060~REF*1L*00607826~REF*CE*OPEN ACCESS PLUS~DTM*050*20130525~AMT*AU*133.44~SVC*HC:90834*140*66.72**1~DTM*472*20130506~CAS*CO*45*73.28~REF*6R*705707554491~AMT*B6*66.72~SVC*HC:90834*140*66.72**1~DTM*472*20130513~CAS*CO*45*73.28~REF*6R*706707554491~AMT*B6*66.72~SE*34*0002~ST*835*0003~BPR*H*0*C*NON************20130529~TRN*1*012536116*1216000928~REF*EV*9904204~DTM*405*20130524~N1*PR*NEW JERSEY MEDICAID~N3*3705 QUAKERBRIDGE ROAD, SUITE 101~N4*TRENTON*NJ*086191288~PER*CX*NEW JERSEY MEDICAID PROVIDER SERVICES*TE*8007766334~N1*PE*WAY          KAREN      GPHD*XX*1477603942~REF*PQ*0225177~REF*TJ*008388097~LX*1~CLP*135405190A*4*130*0**MC*201305121820701-06080464*11*1~NM1*QC*1*ZABOROWSKI*RAYMOND*T***MR*122077125801~REF*EA*0813024009700~DTM*232*20130102~DTM*233*20130102~SVC*HC:90834*130*0~DTM*472*20130102~CAS*OA*16*130~REF*6R*LX#01~LQ*HE*N29~CLP*026662235A*4*150*0**MC*201305222329902-06080464*11*1~NM1*QC*1*GRIMALDI*JENNIFER*J***MR*212080697401~REF*EA*0813024009660~DTM*232*20130107~DTM*233*20130107~SVC*HC:90834*150*0~DTM*472*20130107~CAS*OA*16*150~REF*6R*LX#01~LQ*HE*N29~CLP*135742336 A*4*130*0**MC*201305223397101-06080464*11*1~NM1*QC*1*HAMMOND*NORMAN****MR*122081285101~REF*EA*0813024009670~DTM*232*20130108~DTM*233*20130108~SVC*HC:90834*130*0~DTM*472*20130108~CAS*OA*16*130~REF*6R*LX#01~LQ*HE*N29~CLP*135405190A*4*130*0**MC*201305121820702-06080464*11*1~NM1*QC*1*ZABOROWSKI*RAYMOND*T***MR*122077125801~REF*EA*0813024009700~DTM*232*20130109~DTM*233*20130109~SVC*HC:90834*130*0~DTM*472*20130109~CAS*OA*16*130~REF*6R*LX#02~LQ*HE*N29~CLP*026662235A*4*150*0**MC*201305222329901-06080464*11*1~NM1*QC*1*GRIMALDI*JENNIFER*J***MR*212080697401~REF*EA*0813024009660~DTM*232*20130114~DTM*233*20130114~SVC*HC:90834*150*0~DTM*472*20130114~CAS*OA*16*150~REF*6R*LX#02~LQ*HE*N29~CLP*135742336 A*4*130*0**MC*201305223397102-06080464*11*1~NM1*QC*1*HAMMOND*NORMAN****MR*122081285101~REF*EA*0813024009670~DTM*232*20130115~DTM*233*20130115~SVC*HC:90834*130*0~DTM*472*20130115~CAS*OA*16*130~REF*6R*LX#02~LQ*HE*N29~SE*74*0003~GE*3*141890710~IEA*1*141890710~
