ISA*00*          *00*          *ZZ*330897513      *ZZ*ASSOCIATEDBC   *130530*0907*U*00401*141962647*0*P*:~GS*HP*330897513*ASSOCIATEDBC*20130530*0907*141962647*X*004010X091A1~ST*835*0001~BPR*H*0*C*NON************20130528~TRN*1*CC9023149000197*1066033492~REF*EV*330897513~DTM*405*20130529~N1*PR*AETNA~N3*151 FARMINGTON AVENUE~N4*HARTFORD*CT*06156~N1*PE*CHATMAN-FINLEY, DEBRA D*XX*1346469632~N3*134 W END AVE FL 2~N4*SOMERVILLE*NJ*088761816~REF*PQ*183005000~REF*TJ*264224733~LX*1~TS3*1346469632*11*20131231*2*280~CLP*707554490*1*140*0*140*HM*130527E094490000*11*1~NM1*QC*1*GLOVER*ITIESHA****MI*BBTYBY6A~NM1*82*2*CHATMAN-FINLEY, DEBRA D*****XX*1346469632~REF*1L*01406E-046~REF*CE*NJ EMPLOYEE PLAN~DTM*050*20130527~DTM*232*20130523~DTM*233*20130523~PER*CX**TE*8006240756~SVC*HC:90834*140*0**0**1~DTM*472*20130523~CAS*PR*197*140*1~REF*6R*704707554490~LQ*HE*N130~CLP*707622704*1*140*0*140*HM*130527E094970000*11*1~NM1*QC*1*GLOVER*ITIESHA****MI*BBTYBY6A~NM1*82*2*CHATMAN-FINLEY, DEBRA D*****XX*1346469632~REF*1L*01406E-046~REF*CE*NJ EMPLOYEE PLAN~DTM*050*20130527~DTM*232*20130523~DTM*233*20130523~PER*CX**TE*8006240756~SVC*HC:90834*140*0**0**1~DTM*472*20130523~CAS*PR*197*140*1~REF*6R*247707622704~LQ*HE*N130~SE*44*0001~GE*1*141962647~IEA*1*141962647~
