ISA*00*          *00*          *ZZ*330897513      *ZZ*ASSOCIATEDBC   *130531*0123*U*00401*142078931*0*P*:~GS*HP*330897513*ASSOCIATEDBC*20130531*0123*142078931*X*004010X091A1~ST*835*0001~BPR*I*230*C*ACH*CCP*01*031100225*DA*2079950064280/*1220999690**01*231372691*DA*0181143836*20130528~TRN*1*0003659885*1220999690*8352013052904220800~REF*EV*1902991391~DTM*405*20130528~N1*PR*HORIZON BCBSNJ~N3*PAYOR ADDRESS 1~N4*NEWARK*NJ*071010420~REF*2U*22099~N1*PE*M M WIESE WAIBEL LCSW*XX*1902991391~N3*800 RARITAN RD~N4*CLARK*NJ*070661710~REF*PQ*2621359190~REF*TJ*262135919~LX*1~CLP*3HZN71563020*1*125*50*10*13*780261314247118   00**1~NM1*QC*1*BONILLA*NANCY****MI*NJX3HZN71563020~NM1*82*2*M M WIESE WAIBEL LCSW*****XX*1902991391~DTM*050*20130521~DTM*232*20130514~DTM*233*20130514~PER*CX*NJ DIRECT*TE*8006241110~AMT*AU*60~AMT*T2*50~SVC*HC:99199*125*50**1*HC:90834~DTM*472*20130514~CAS*PR*3*10~CAS*CO*45*65~REF*6R*5423HZN71563020~REF*HPI*1902991391~AMT*B6*60~CLP*3HZN85261690*1*250*90*30*13*780261314201517   00**1~NM1*QC*1*CORNWELL*ELIZABETH****MI*3HZN852616900~NM1*74*1*CORNWELL*ELIZABETH*H***C*NJX3HZN85261690~NM1*82*2*M M WIESE WAIBEL LCSW*****XX*1902991391~DTM*050*20130521~DTM*232*20130506~DTM*233*20130513~PER*CX*NJ DIRECT*TE*8006241110~AMT*AU*120~AMT*T2*90~SVC*HC:99199*125*45**1*HC:90834~DTM*472*20130506~CAS*PR*3*15~CAS*CO*45*65~REF*6R*5533HZN85261690~REF*HPI*1902991391~AMT*B6*60~SVC*HC:99199*125*45**1*HC:90834~DTM*472*20130513~CAS*PR*3*15~CAS*CO*45*65~REF*6R*5553HZN85261690~REF*HPI*1902991391~AMT*B6*60~CLP*3HZN36191530*1*250*90*30*13*780261314200903   00**1~NM1*QC*1*LENAHAN*MEAGHAN****MI*3HZN361915300~NM1*74*1*LENAHAN*MEAGHAN*M***C*NJX3HZN36191530~NM1*82*2*M M WIESE WAIBEL LCSW*****XX*1902991391~DTM*050*20130521~DTM*232*20130502~DTM*233*20130509~PER*CX*NJ DIRECT*TE*8006241110~AMT*AU*120~AMT*T2*90~SVC*HC:99199*125*45**1*HC:90834~DTM*472*20130502~CAS*PR*3*15~CAS*CO*45*65~REF*6R*6073HZN36191530~REF*HPI*1902991391~AMT*B6*60~SVC*HC:99199*125*45**1*HC:90834~DTM*472*20130509~CAS*PR*3*15~CAS*CO*45*65~REF*6R*6083HZN36191530~REF*HPI*1902991391~AMT*B6*60~SE*80*0001~GE*1*142078931~IEA*1*142078931~
