ISA*00*          *00*          *ZZ*330897513      *ZZ*ASSOCIATEDBC   *130603*2325*U*00401*142412256*0*P*:~GS*HP*330897513*ASSOCIATEDBC*20130603*2325*142412256*X*004010X091A1~ST*835*0001~BPR*I*115.62*C*ACH*CCP*01*031100225*DA*2079950064280/*1220999690**01*231372691*DA*0181143836*20130530~TRN*1*0003673127*1220999690*8352013053104260714~REF*EV*1902991391~DTM*405*20130530~N1*PR*HORIZON BCBSNJ~N3*PAYOR ADDRESS 1~N4*NEWARK*NJ*071010420~REF*2U*22099~N1*PE*M M WIESE WAIBEL LCSW*XX*1902991391~N3*800 RARITAN RD~N4*CLARK*NJ*070661710~REF*PQ*2621359190~REF*TJ*262135919~LX*1~CLP*YRP991M64130*22*-125*-49**12*780261202021240   01**1~CAS*CR*96*20~CAS*CR*96*-20~NM1*QC*1*COYLE*ROBERT****MI*YRP991M64130~NM1*82*2*M M WIESE WAIBEL LCSW*****XX*1902991391~MOA***MA69~DTM*050*20130524~DTM*232*20120104~DTM*233*20120104~AMT*AU*-69~SVC*HC:90806*-125*-49**1~DTM*472*20120104~CAS*CR*3*-20~CAS*CR*45*-56~REF*6R*864YRP991M64130~REF*HPI*1902991391~CLP*YRP991M64130*1*125*80*20*12*780261202021240   02**1~NM1*QC*1*COYLE*ROBERT****MI*YRP991M64130~NM1*82*2*M M WIESE WAIBEL LCSW*****XX*1902991391~DTM*050*20120119~DTM*232*20120104~DTM*233*20120104~AMT*AU*100~AMT*T2*31~SVC*HC:90806*125*80**1~DTM*472*20120104~CAS*PR*3*20~CAS*CO*45*25~REF*6R*864YRP991M64130~REF*HPI*1902991391~AMT*B6*100~CLP*YRP991M64130*22*-125*-49**12*780271200716997   01**1~CAS*CR*96*20~CAS*CR*96*-20~NM1*QC*1*COYLE*ROBERT****MI*YRP991M64130~NM1*82*2*M M WIESE WAIBEL LCSW*****XX*1902991391~MOA***MA69~DTM*050*20130524~DTM*232*20111206~DTM*233*20111206~AMT*AU*-69~SVC*HC:90806*-125*-49**1~DTM*472*20111206~CAS*CR*3*-20~CAS*CR*45*-56~REF*6R*000001~REF*HPI*1902991391~CLP*YRP991M64130*1*125*80*20*12*780271200716997   02**1~NM1*QC*1*COYLE*ROBERT****MI*YRP991M64130~NM1*82*2*M M WIESE WAIBEL LCSW*****XX*1902991391~DTM*050*20120106~DTM*232*20111206~DTM*233*20111206~AMT*AU*100~AMT*T2*31~SVC*HC:90806*125*80**1~DTM*472*20111206~CAS*PR*3*20~CAS*CO*45*25~REF*6R*000001~REF*HPI*1902991391~AMT*B6*100~CLP*BLM88988917*22*-125*-49**12*780271135713152   01**1~CAS*CR*96*20~CAS*CR*96*-20~NM1*QC*1*STRYKER*MELISSA****MI*BLM88988917~NM1*IL*1*MARTA*THOMAS*J***MI*BLM88988917~NM1*82*2*M M WIESE WAIBEL LCSW*****XX*1902991391~MOA***MA69~DTM*050*20130524~DTM*232*20111205~DTM*233*20111205~AMT*AU*-69~SVC*HC:90806*-125*-49**1~DTM*472*20111205~CAS*CR*3*-20~CAS*CR*45*-56~REF*6R*383BLM88988917~REF*HPI*1902991391~CLP*BLM88988917*1*125*80*20*12*780271135713152   02**1~NM1*QC*1*STRYKER*MELISSA****MI*BLM88988917~NM1*IL*1*MARTA*THOMAS*J***MI*BLM88988917~NM1*82*2*M M WIESE WAIBEL LCSW*****XX*1902991391~DTM*050*20111222~DTM*232*20111205~DTM*233*20111205~AMT*AU*100~AMT*T2*31~SVC*HC:90806*125*80**1~DTM*472*20111205~CAS*PR*3*20~CAS*CO*45*25~REF*6R*383BLM88988917~REF*HPI*1902991391~AMT*B6*100~CLP*137426725 A*2*125*22.62*41.17*13*780291314219906   00**1~CAS*PR*96*41.17~CAS*OA*96*-41.17~NM1*QC*1*TORRE*JOSEPH*J***MI*3HZN555919000~NM1*74*1*TORRE*JOSEPH****C*3HZN55591900~NM1*82*2*M M WIESE WAIBEL LCSW*****XX*1902991391~MOA***MA69~DTM*050*20130522~DTM*232*20130411~DTM*233*20130411~PER*CX*HORIZON BLUE CROSS BLUE SHIELD OF NEW JERSEY DIRECT ACCESS*TE*8006241110~AMT*AU*63.79~AMT*T2*22.62~SVC*HC:99199*125*22.62**1*HC:90834~DTM*472*20130411~CAS*OA*23*102.38~REF*6R*LX#01~REF*HPI*1902991391~AMT*B6*63.79~SE*130*0001~GE*1*142412256~IEA*1*142412256~
