ISA*00*          *00*          *ZZ*330897513      *ZZ*ASSOCIATEDBC   *130604*1403*U*00401*142492505*0*P*:~GS*HP*330897513*ASSOCIATEDBC*20130604*1403*142492505*X*004010X091A1~ST*835*0001~BPR*I*155.4*C*CHK************20130604~TRN*1*09822-009714678*1066033492~REF*EV*330897513~DTM*405*20130604~N1*PR*AETNA~N3*151 FARMINGTON AVENUE~N4*HARTFORD*CT*06156~N1*PE*CHATMAN-FINLEY, DEBRA D*XX*1346469632~N3*134 W END AVE FL 2~N4*SOMERVILLE*NJ*088761816~REF*PQ*183005000~REF*TJ*264224733~LX*1~TS3*1346469632*11*20131231*2*600~CLP*707554501*1*300*0*300*13*EHYZ7GJTQ0000*11*1~NM1*QC*1*PASKE*TARA~NM1*IL*1*PASKE*MARK****MI*W17941436703~NM1*74*1******C*W179414367~NM1*82*1*CHATMAN-FINLEY*DEBRA*D***XX*1346469632~REF*1L*0307138-010-00005-MA~REF*CE*AETNA CHOICE  POS II~DTM*050*20130527~DTM*232*20130507~DTM*233*20130521~PER*CX**TE*8886323862~SVC*HC:90847*150*0**0**1~DTM*472*20130507~CAS*PR*96*150*1~REF*6R*725707554501~LQ*HE*N20~SVC*HC:90847*150*0**0**1~DTM*472*20130521~CAS*PR*96*150*1~REF*6R*726707554501~LQ*HE*N20~CLP*707622739*1*300*155.4*144.6*13*E3TV6W8L00000*11*1~NM1*QC*1*PASKE*TARA~NM1*IL*1*PASKE*MARK****MI*W17941436703~NM1*74*1******C*W179414367~NM1*82*1*CHATMAN-FINLEY*DEBRA*D***XX*1346469632~REF*1L*0307138-010-00005-MA~REF*CE*AETNA CHOICE  POS II~DTM*050*20130527~DTM*232*20130507~DTM*233*20130521~PER*CX**TE*8886323862~AMT*AU*300~SVC*HC:90847*150*77.7**1~DTM*472*20130507~CAS*PR*2*33.3**45*39~REF*6R*302707622739~AMT*B6*111~LQ*HE*N130~SVC*HC:90847*150*77.7**1~DTM*472*20130521~CAS*PR*2*33.3**45*39~REF*6R*304707622739~AMT*B6*111~LQ*HE*N130~SE*61*0001~ST*835*0002~BPR*I*198.06*C*CHK************20130604~TRN*1*08325-091861975*1066033492~REF*EV*330897513~DTM*405*20130604~N1*PR*AETNA~N3*151 FARMINGTON AVENUE~N4*HARTFORD*CT*06156~N1*PE*CHATMAN-FINLEY, DEBRA D*XX*1346469632~N3*134 W END AVE FL 2~N4*SOMERVILLE*NJ*088761816~REF*PQ*183005000~REF*TJ*264224733~LX*1~TS3*1346469632*11*20131231*4*840~CLP*707554492*1*140*0*140*13*EGTV7GJ9J0000*11*1~NM1*QC*1*HAHN*KRISTINA~NM1*IL*1*HAHN*DEBRA****MI*W075948199~NM1*82*1*CHATMAN-FINLEY*DEBRA*D***XX*1346469632~REF*1L*0100462-042-00004-PX~REF*CE*AETNA CHOICE  POS II~DTM*050*20130527~DTM*232*20130521~DTM*233*20130521~PER*CX**TE*8886323862~SVC*HC:90834*140*0**0**1~DTM*472*20130521~CAS*PR*96*140*1~REF*6R*707707554492~LQ*HE*N20~CLP*707554496*1*280*0*280*13*EHPA7D6SG0000*11*1~NM1*QC*1*KEITH-WILSON*KENYAU****MI*W187952608~NM1*82*1*CHATMAN-FINLEY*DEBRA*D***XX*1346469632~REF*1L*0811305-020-00001- I~DTM*050*20130527~DTM*232*20130509~DTM*233*20130523~PER*CX**TE*8886323862~SVC*HC:90834*140*0**0**1~DTM*472*20130509~CAS*PR*96*140*1~REF*6R*714707554496~LQ*HE*N20~SVC*HC:90834*140*0**0**1~DTM*472*20130523~CAS*PR*96*140*1~REF*6R*715707554496~LQ*HE*N20~CLP*707622707*1*140*67.86*72.14*13*E3JK6W8J80000*11*1~NM1*QC*1*HAHN*KRISTINA~NM1*IL*1*HAHN*DEBRA****MI*W075948199~NM1*82*1*CHATMAN-FINLEY*DEBRA*D***XX*1346469632~REF*1L*0100462-042-00004-PX~REF*CE*AETNA CHOICE  POS II~DTM*050*20130527~DTM*232*20130521~DTM*233*20130521~PER*CX**TE*8886323862~AMT*AU*140~SVC*HC:90834*140*67.86**1~DTM*472*20130521~CAS*PR*2*36.54**45*35.6~REF*6R*253707622707~AMT*B6*104.4~LQ*HE*N130~CLP*707622717*1*280*130.2*149.8*13*E3TV6W8KT0000*11*1~NM1*QC*1*KEITH-WILSON*KENYAU****MI*W187952608~NM1*82*1*CHATMAN-FINLEY*DEBRA*D***XX*1346469632~REF*1L*0811305-020-00001- I~DTM*050*20130527~DTM*232*20130509~DTM*233*20130523~PER*CX**TE*8886323862~AMT*AU*280~SVC*HC:90834*140*65.1**1~DTM*472*20130509~CAS*PR*2*27.9**45*47~REF*6R*269707622717~AMT*B6*93~LQ*HE*N130~SVC*HC:90834*140*65.1**1~DTM*472*20130523~CAS*PR*2*27.9**45*47~REF*6R*270707622717~AMT*B6*93~LQ*HE*N130~SE*87*0002~ST*835*0003~BPR*I*182*C*ACH*CCP*01*031100225*DA*2079950064280/*1220999690**01*231372691*DA*0181143836*20130531~TRN*1*0003680463*1220999690*8352013060218580796~REF*EV*1902991391~DTM*405*20130531~N1*PR*HORIZON BCBSNJ~N3*PAYOR ADDRESS 1~N4*NEWARK*NJ*071010420~REF*2U*22099~N1*PE*M M WIESE WAIBEL LCSW*XX*1902991391~N3*800 RARITAN RD~N4*CLARK*NJ*070661710~REF*PQ*2621359190~REF*TJ*262135919~LX*1~CLP*FCB82332123*22*-250*-88**12*780271200718406   01**1~CAS*CR*96*50~CAS*CR*96*-50~NM1*QC*1*FRANCIS*TIFFANY****MI*FCB82332123~NM1*82*2*M M WIESE WAIBEL LCSW*****XX*1902991391~MOA***MA69~DTM*050*20130524~DTM*232*20111202~DTM*233*20111206~AMT*AU*-138~SVC*HC:90806*-125*-44**1~DTM*472*20111202~CAS*CR*3*-25~CAS*CR*45*-56~REF*6R*000001~REF*HPI*1902991391~SVC*HC:90806*-125*-44**1~DTM*472*20111206~CAS*CR*3*-25~CAS*CR*45*-56~REF*6R*000002~REF*HPI*1902991391~CLP*FCB82332123*1*250*150*50*12*780271200718406   02**1~NM1*QC*1*FRANCIS*TIFFANY****MI*FCB82332123~NM1*82*2*M M WIESE WAIBEL LCSW*****XX*1902991391~DTM*050*20120106~DTM*232*20111202~DTM*233*20111206~AMT*AU*200~AMT*T2*62~SVC*HC:90806*125*75**1~DTM*472*20111202~CAS*PR*3*25~CAS*CO*45*25~REF*6R*000001~REF*HPI*1902991391~AMT*B6*100~SVC*HC:90806*125*75**1~DTM*472*20111206~CAS*PR*3*25~CAS*CO*45*25~REF*6R*000002~REF*HPI*1902991391~AMT*B6*100~CLP*3HZN04240760*1*250*20*100*13*780271314162051   00**1~NM1*QC*1*RICKERT*SUSAN*M***MI*YHX3HZN04240760~NM1*IL*1*RICKERT*WILLIAM*L***MI*3HZN042407600~NM1*82*2*M M WIESE WAIBEL LCSW*****XX*1902991391~DTM*050*20130521~DTM*232*20130507~DTM*233*20130514~PER*CX*ADVANTAGE EPO CAP*TE*8886662535~AMT*AU*120~AMT*T2*20~SVC*HC:99199*125*10**1*HC:90834~DTM*472*20130507~CAS*PR*3*50~CAS*CO*45*65~REF*6R*6323HZN04240760~REF*HPI*1902991391~AMT*B6*60~SVC*HC:99199*125*10**1*HC:90834~DTM*472*20130514~CAS*PR*3*50~CAS*CO*45*65~REF*6R*6333HZN04240760~REF*HPI*1902991391~AMT*B6*60~CLP*3HZN03939260*1*125*45*15*13*780261314212143   00**1~NM1*QC*1*SOMERS*ELAINE****MI*YHQ3HZN03939260~NM1*IL*1*SOMERS*ROBERT****MI*3HZN039392600~NM1*82*2*M M WIESE WAIBEL LCSW*****XX*1902991391~DTM*050*20130521~DTM*232*20130510~DTM*233*20130510~PER*CX*HORIZON BLUE CROSS BLUE SHIELD OF NEW JERSEY DIRECT ACCESS*TE*8006241110~AMT*AU*60~AMT*T2*45~SVC*HC:99199*125*45**1*HC:90834~DTM*472*20130510~CAS*PR*3*15~CAS*CO*45*65~REF*6R*6483HZN03939260~REF*HPI*1902991391~AMT*B6*60~CLP*HSE3HZN634446*1*125*35*25*13*780271314214967   00**1~NM1*QC*1*GRANT*MACY****MI*HSE3HZN63444600~NM1*IL*1*MOUNT*TIMOTHY****MI*3HZN634446000~NM1*74*1*MOUNT*TIMOTHY*S***C*3HZN634446000~NM1*82*2*M M WIESE WAIBEL LCSW*****XX*1902991391~DTM*050*20130521~DTM*232*20130515~DTM*233*20130515~PER*CX*NATIONAL ACCOUNTS POS*TE*8006244758~AMT*AU*60~AMT*T2*35~SVC*HC:99199*125*35**1*HC:90834~DTM*472*20130515~CAS*PR*3*25~CAS*CO*45*65~REF*6R*579HSE3HZN634446~REF*HPI*1902991391~AMT*B6*60~CLP*3HZN89299890*1*125*20*40*13*780261314242434   00**1~NM1*QC*1*SHAH*ROSEMARIE****MI*YHX3HZN89299890~NM1*IL*1*SHAH*HR****MI*3HZN892998900~NM1*74*1*SHAH*HASMUKH*R***C*3HZN892998900~NM1*82*2*M M WIESE WAIBEL LCSW*****XX*1902991391~DTM*050*20130521~DTM*232*20130503~DTM*233*20130503~PER*CX*NATIONAL ACCOUNTS POS*TE*8006244758~AMT*AU*60~AMT*T2*20~SVC*HC:99199*125*20**1*HC:90834~DTM*472*20130503~CAS*PR*3*40~CAS*CO*45*65~REF*6R*6353HZN89299890~REF*HPI*1902991391~AMT*B6*60~SE*137*0003~GE*3*142492505~IEA*1*142492505~
