ISA*00*          *00*          *ZZ*330897513      *ZZ*ASSOCIATEDBC   *130607*0126*U*00401*142872028*0*P*:~GS*HP*330897513*ASSOCIATEDBC*20130607*0126*142872028*X*004010X091A1~ST*835*0001~BPR*I*99*C*ACH*CCP*01*031100225*DA*2079950064280/*1220999690**01*231372691*DA*0181143836*20130604~TRN*1*0003695317*1220999690*8352013060505090779~REF*EV*1902991391~DTM*405*20130604~N1*PR*HORIZON BCBSNJ~N3*PAYOR ADDRESS 1~N4*NEWARK*NJ*071010420~REF*2U*22099~N1*PE*M M WIESE WAIBEL LCSW*XX*1902991391~N3*800 RARITAN RD~N4*CLARK*NJ*070661710~REF*PQ*2621359190~REF*TJ*262135919~LX*1~CLP*8400A130511*1*125*54*6*13*780261315132514   00**1~NM1*QC*1*BAKER DRUMMOND*ANASTACIA****MI*NJX3HZN55672980~NM1*IL*1*DRUMMOND*BERESFORD****MI*3HZN556729800~NM1*82*2*M M WIESE WAIBEL LCSW*****XX*1902991391~DTM*050*20130530~DTM*232*20130503~DTM*233*20130503~PER*CX*NJ DIRECT*TE*8006241110~AMT*AU*60~AMT*T2*54~SVC*HC:99199*125*54**1*HC:90834~DTM*472*20130503~CAS*PR*2*6~CAS*CO*45*65~REF*6R*0~REF*HPI*1902991391~AMT*B6*60~CLP*8500A130511*1*125*45*15*13*780261315132507   00**1~NM1*QC*1*MONDI*NICHOL****MI*NJX3HZN15469020~NM1*IL*1*MONDI*FREDERICK****MI*3HZN154690200~NM1*74*1*MONDI*FREDERICK*B***C*3HZN154690200~NM1*82*2*M M WIESE WAIBEL LCSW*****XX*1902991391~DTM*050*20130530~DTM*232*20130506~DTM*233*20130506~PER*CX*NJ DIRECT*TE*8006241110~AMT*AU*60~AMT*T2*45~SVC*HC:99199*125*45**1*HC:90834~DTM*472*20130506~CAS*PR*3*15~CAS*CO*45*65~REF*6R*0~REF*HPI*1902991391~AMT*B6*60~SE*51*0001~ST*835*0002~BPR*H*0*C*NON************20130605~TRN*1*012546775*1216000928~REF*EV*9904204~DTM*405*20130531~N1*PR*NEW JERSEY MEDICAID~N3*3705 QUAKERBRIDGE ROAD, SUITE 101~N4*TRENTON*NJ*086191288~PER*CX*NEW JERSEY MEDICAID PROVIDER SERVICES*TE*8007766334~N1*PE*WAY          KAREN      GPHD*XX*1477603942~REF*PQ*0225177~REF*TJ*008388097~LX*1~CLP*137640510 A*4*130*0**MC*201305821565802-06080464*11*1~NM1*QC*1*SANCHEZ*ARAENA****MR*182000374401~REF*EA*0813024009690~DTM*232*20130103~DTM*233*20130103~SVC*HC:90834*130*0~DTM*472*20130103~CAS*OA*16*130~REF*6R*LX#01~LQ*HE*N29~CLP*137640510 A*4*130*0**MC*201305821565803-06080464*11*1~NM1*QC*1*SANCHEZ*ARAENA****MR*182000374401~REF*EA*0813024009690~DTM*232*20130110~DTM*233*20130110~SVC*HC:90834*130*0~DTM*472*20130110~CAS*OA*16*130~REF*6R*LX#02~LQ*HE*N29~CLP*156560448A*4*130*0**MC*201305821131901-030606080464*11*1~NM1*QC*1*FRAMPTON*STEPHEN****MR*152030463701~REF*EA*0813024009650~DTM*232*20130110~DTM*233*20130110~SVC*HC:90834*130*0~DTM*472*20130110~CAS*OA*16*130~REF*6R*LX#01~LQ*HE*MA80~LQ*HE*N29~CLP*137640510 A*4*130*0**MC*201305821565801-06080464*11*1~NM1*QC*1*SANCHEZ*ARAENA****MR*182000374401~REF*EA*0813024009690~DTM*232*20130117~DTM*233*20130117~SVC*HC:90834*130*0~DTM*472*20130117~CAS*OA*16*130~REF*6R*LX#03~LQ*HE*N29~CLP*243065069821*4*150*0**MC*201305653607301-06080464*11*1~NM1*QC*1*DIEFENBACKER*NICOLE****MR*243065069821~DTM*232*20130211~DTM*233*20130211~SVC*HC:90834*150*0~DTM*472*20130211~CAS*OA*16*150~REF*6R*826243065069821~LQ*HE*N29~CLP*123035462701*4*150*0**MC*201305653607401-06080464*11*1~NM1*QC*1*DIX-MOON*KIMBERLI****MR*123035462701~DTM*232*20130214~DTM*233*20130214~SVC*HC:90834*150*0~DTM*472*20130214~CAS*OA*16*150~REF*6R*827123035462701~LQ*HE*N29~SE*73*0002~GE*2*142872028~IEA*1*142872028~
