ISA*00*          *00*          *ZZ*330897513      *ZZ*ASSOCIATEDBC   *130610*1947*U*00401*143169300*0*P*:~GS*HP*330897513*ASSOCIATEDBC*20130610*1947*143169300*X*004010X091A1~ST*835*0001~BPR*I*555*C*ACH*CCP*01*031100225*DA*2079950064280/*1220999690**01*231372691*DA*0181143836*20130606~TRN*1*0003710342*1220999690*8352013060706410824~REF*EV*1902991391~DTM*405*20130606~N1*PR*HORIZON BCBSNJ~N3*PAYOR ADDRESS 1~N4*NEWARK*NJ*071010420~REF*2U*22099~N1*PE*M M WIESE WAIBEL LCSW*XX*1902991391~N3*800 RARITAN RD~N4*CLARK*NJ*070661710~REF*PQ*2621359190~REF*TJ*262135919~LX*1~CLP*3HZN87154420*1*250*42*30*13*780271315516178   00**1~NM1*QC*1*BOGER OBRYAN*GRETCHEN****MI*NJX3HZN87154420~NM1*IL*1*BOGER OBRYAN*THOMAS*M***MI*3HZN871544200~NM1*82*2*M M WIESE WAIBEL LCSW*****XX*1902991391~DTM*050*20130604~DTM*232*20130517~DTM*233*20130517~PER*CX*NJ DIRECT*TE*8006241110~AMT*AU*72~AMT*T2*42~SVC*HC:99199*250*42**1*HC:90791~DTM*472*20130517~CAS*PR*3*30~CAS*CO*45*178~REF*6R*2023HZN87154420~REF*HPI*1902991391~AMT*B6*72~CLP*3HZN71563020*1*250*100*20*13*780271315519229   00**1~NM1*QC*1*BONILLA*NANCY****MI*NJX3HZN71563020~NM1*82*2*M M WIESE WAIBEL LCSW*****XX*1902991391~DTM*050*20130604~DTM*232*20130521~DTM*233*20130528~PER*CX*NJ DIRECT*TE*8006241110~AMT*AU*120~AMT*T2*100~SVC*HC:99199*125*50**1*HC:90834~DTM*472*20130521~CAS*PR*3*10~CAS*CO*45*65~REF*6R*2033HZN71563020~REF*HPI*1902991391~AMT*B6*60~SVC*HC:99199*125*50**1*HC:90834~DTM*472*20130528~CAS*PR*3*10~CAS*CO*45*65~REF*6R*2043HZN71563020~REF*HPI*1902991391~AMT*B6*60~CLP*3HZN85261690*1*125*45*15*13*780271315513747   00**1~NM1*QC*1*CORNWELL*ELIZABETH****MI*3HZN852616900~NM1*74*1*CORNWELL*ELIZABETH*H***C*NJX3HZN85261690~NM1*82*2*M M WIESE WAIBEL LCSW*****XX*1902991391~DTM*050*20130604~DTM*232*20130520~DTM*233*20130520~PER*CX*NJ DIRECT*TE*8006241110~AMT*AU*60~AMT*T2*45~SVC*HC:99199*125*45**1*HC:90834~DTM*472*20130520~CAS*PR*3*15~CAS*CO*45*65~REF*6R*2073HZN85261690~REF*HPI*1902991391~AMT*B6*60~CLP*3HZN77593920*1*375*150*30*13*780271315516177   00**1~NM1*QC*1*DANIELSON*CHRISTINE****MI*NJX3HZN77593920~NM1*IL*1*FAUGHNAN*RICHARD****MI*3HZN775939201~NM1*74*1*FAUGHNAN*RICHARD*F***C*3HZN775939201~NM1*82*2*M M WIESE WAIBEL LCSW*****XX*1902991391~DTM*050*20130604~DTM*232*20130520~DTM*233*20130529~PER*CX*NJ DIRECT*TE*8006241110~AMT*AU*180~AMT*T2*150~SVC*HC:99199*125*50**1*HC:90834~DTM*472*20130520~CAS*PR*3*10~CAS*CO*45*65~REF*6R*2113HZN77593920~REF*HPI*1902991391~AMT*B6*60~SVC*HC:99199*125*50**1*HC:90834~DTM*472*20130524~CAS*PR*3*10~CAS*CO*45*65~REF*6R*2123HZN77593920~REF*HPI*1902991391~AMT*B6*60~SVC*HC:99199*125*50**1*HC:90834~DTM*472*20130529~CAS*PR*3*10~CAS*CO*45*65~REF*6R*2133HZN77593920~REF*HPI*1902991391~AMT*B6*60~CLP*3HZN36191530*1*125*45*15*13*780271315512044   00**1~NM1*QC*1*LENAHAN*MEAGHAN****MI*3HZN361915300~NM1*74*1*LENAHAN*MEAGHAN*M***C*NJX3HZN36191530~NM1*82*2*M M WIESE WAIBEL LCSW*****XX*1902991391~DTM*050*20130604~DTM*232*20130516~DTM*233*20130516~PER*CX*NJ DIRECT*TE*8006241110~AMT*AU*60~AMT*T2*45~SVC*HC:99199*125*45**1*HC:90834~DTM*472*20130516~CAS*PR*3*15~CAS*CO*45*65~REF*6R*2373HZN36191530~REF*HPI*1902991391~AMT*B6*60~CLP*3HZN15469020*1*125*45*15*13*780271315512055   00**1~NM1*QC*1*MONDI*NICHOL****MI*NJX3HZN15469020~NM1*IL*1*MONDI*FREDERICK****MI*3HZN154690200~NM1*74*1*MONDI*FREDERICK*B***C*3HZN154690200~NM1*82*2*M M WIESE WAIBEL LCSW*****XX*1902991391~DTM*050*20130604~DTM*232*20130520~DTM*233*20130520~PER*CX*NJ DIRECT*TE*8006241110~AMT*AU*60~AMT*T2*45~SVC*HC:99199*125*45**1*HC:90834~DTM*472*20130520~CAS*PR*3*15~CAS*CO*45*65~REF*6R*2423HZN15469020~REF*HPI*1902991391~AMT*B6*60~CLP*3HZN56316950*1*250*108*30*12*780271315519224   00**1~NM1*QC*1*DUFFY*JULIE****MI*3HZN563169500~NM1*74*1*DUFFY*JULIE*A***C*YHB3HZN56316950~NM1*82*2*M M WIESE WAIBEL LCSW*****XX*1902991391~DTM*050*20130604~DTM*232*20130517~DTM*233*20130524~PER*CX*NATIONAL ACCOUNTS SERVICED IN MT.LAUREL*TE*8006244758~AMT*AU*138~AMT*T2*108~SVC*HC:99199*125*54**1*HC:90834~DTM*472*20130517~CAS*PR*3*15~CAS*CO*45*56~REF*6R*2153HZN56316950~REF*HPI*1902991391~AMT*B6*69~SVC*HC:99199*125*54**1*HC:90834~DTM*472*20130524~CAS*PR*3*15~CAS*CO*45*56~REF*6R*2163HZN56316950~REF*HPI*1902991391~AMT*B6*69~CLP*3HZN96735280*1*125*20*49*15*780271315603242   00**1~NM1*QC*1*MENDEZ*ERIKA****MI*YHC3HZN96735280~NM1*IL*1*MENDEZ*JUAN*C***MI*3HZN967352800~NM1*82*2*M M WIESE WAIBEL LCSW*****XX*1902991391~DTM*050*20130603~DTM*232*20130319~DTM*233*20130319~PER*CX*NATIONAL ACCOUNTS SERVICED IN MT.LAUREL*TE*8006244758~AMT*AU*69~AMT*T2*20~SVC*HC:99199*125*20**1*HC:90834~DTM*472*20130319~CAS*PR*204*49~CAS*CO*45*16~CAS*OA*204*40~REF*6R*000001~REF*HPI*1902991391~AMT*B6*69~SE*182*0001~GE*1*143169300~IEA*1*143169300~
