ISA*00*          *00*          *ZZ*330897513      *ZZ*ASSOCIATEDBC   *130612*0145*U*00401*143343294*0*P*:~GS*HP*330897513*ASSOCIATEDBC*20130612*0145*143343294*X*004010X091A1~ST*835*0001~BPR*I*49*C*CHK************20130607~TRN*1*154576514*1220999690*22099~DTM*405*20130607~N1*PR*HORIZON BCBSNJ~N3*3 PENN PLAZA~N4*NEWARK*NJ*071010420~REF*2U*22099~PER*CX**TE*8883349242~N1*PE*M M WIESE WAIBEL LCSW*XX*1902991391~N3*800 RARITAN ROAD~N4*CLARK*NJ*070661710~REF*TJ*262135919~LX*1~CLP*R58027107*1*125*49*20*12*27131550513000780*11*1~NM1*QC*1*MULLIGAN*CHERYL****MI*R58027107~NM1*IL*1*MULLIGAN*THOMAS****MI*R58027107~DTM*050*20130604~DTM*232*20130522~AMT*AU*69~SVC*HC:90834*125*49**1~DTM*472*20130522~CAS*PR*2*20~CAS*CO*45*56~REF*6R*244R58027107~AMT*B6*69~SE*27*0001~ST*835*0002~BPR*I*397.62*C*ACH*CCP*01*031100225*DA*2079950064280/*1220999690**01*231372691*DA*0181143836*20130608~TRN*1*0003724155*1220999690*8352013061002000788~REF*EV*1902991391~DTM*405*20130608~N1*PR*HORIZON BCBSNJ~N3*PAYOR ADDRESS 1~N4*NEWARK*NJ*071010420~REF*2U*22099~N1*PE*M M WIESE WAIBEL LCSW*XX*1902991391~N3*800 RARITAN RD~N4*CLARK*NJ*070661710~REF*PQ*2621359190~REF*TJ*262135919~LX*1~CLP*709774356*1*125*44*25*12*780271315519369   00**1~NM1*QC*1*KARDOS*LISA****MI*SKQAN4254520~NM1*82*2*M M WIESE WAIBEL LCSW*****XX*1902991391~DTM*050*20130604~DTM*232*20130523~DTM*233*20130523~AMT*AU*69~AMT*T2*44~SVC*HC:99199*125*44**1*HC:90834~DTM*472*20130523~CAS*PR*3*25~CAS*CO*45*56~REF*6R*234709774356~REF*HPI*1902991391~AMT*B6*69~CLP*ROQ5052733500*1*125*44*25*12*780271315519367   00**1~NM1*QC*1*KOVATCH*LISA****MI*ROQ5052733500~NM1*82*2*M M WIESE WAIBEL LCSW*****XX*1902991391~DTM*050*20130604~DTM*232*20130522~DTM*233*20130522~AMT*AU*69~AMT*T2*44~SVC*HC:99199*125*44**1*HC:90834~DTM*472*20130522~CAS*PR*3*25~CAS*CO*45*56~REF*6R*236ROQ5052733500~REF*HPI*1902991391~AMT*B6*69~CLP*DZVAN4492387*1*250*98*40*12*780261315588050   00**1~NM1*QC*1*PRIBUSH*KATHLEEN****MI*DZVAN4492387~NM1*IL*1*PRIBUSH*JEFF****MI*DZVAN4492387~NM1*82*2*M M WIESE WAIBEL LCSW*****XX*1902991391~DTM*050*20130604~DTM*232*20130522~DTM*233*20130529~AMT*AU*138~AMT*T2*98~SVC*HC:99199*125*49**1*HC:90834~DTM*472*20130522~CAS*PR*3*20~CAS*CO*45*56~REF*6R*251DZVAN4492387~REF*HPI*1902991391~AMT*B6*69~SVC*HC:99199*125*49**1*HC:90834~DTM*472*20130529~CAS*PR*3*20~CAS*CO*45*56~REF*6R*252DZVAN4492387~REF*HPI*1902991391~AMT*B6*69~CLP*709774373*1*125*49*20*12*780271315504985   00**1~NM1*QC*1*RABADEAU*KATHLEEN****MI*DZVAN4490966~NM1*82*2*M M WIESE WAIBEL LCSW*****XX*1902991391~DTM*050*20130604~DTM*232*20130521~DTM*233*20130521~AMT*AU*69~AMT*T2*49~SVC*HC:99199*125*49**1*HC:90834~DTM*472*20130521~CAS*PR*3*20~CAS*CO*45*56~REF*6R*253709774373~REF*HPI*1902991391~AMT*B6*69~CLP*143342949A*2*125*12.62*10*13*780261315858406   00**1~NM1*QC*1*COSQUER*DOLORES****MI*3HZN22671350~NM1*82*2*M M WIESE WAIBEL LCSW*****XX*1902991391~DTM*050*20130606~DTM*232*20130417~DTM*233*20130417~PER*CX*NJ DIRECT*TE*8006241110~AMT*AU*63.79~AMT*T2*12.62~SVC*HC:99199*125*12.62**1*HC:90834~DTM*472*20130417~CAS*PR*3*10~CAS*OA*23*102.38~REF*6R*LX#01~REF*HPI*1902991391~AMT*B6*63.79~CLP*9000A130511*1*125*45*15*13*780271315059910   00**1~NM1*QC*1*SOMERS*ELAINE****MI*YHQ3HZN03939260~NM1*IL*1*SOMERS*ROBERT****MI*3HZN039392600~NM1*82*2*M M WIESE WAIBEL LCSW*****XX*1902991391~DTM*050*20130530~DTM*232*20130503~DTM*233*20130503~PER*CX*HORIZON BLUE CROSS BLUE SHIELD OF NEW JERSEY DIRECT ACCESS*TE*8006241110~AMT*AU*60~AMT*T2*45~SVC*HC:99199*125*45**1*HC:90834~DTM*472*20130503~CAS*PR*3*15~CAS*CO*45*65~REF*6R*0~REF*HPI*1902991391~AMT*B6*60~CLP*8700A130511*1*125*35*25*13*780261315112385   00**1~NM1*QC*1*GRANT*MACY****MI*HSE3HZN63444600~NM1*IL*1*MOUNT*TIMOTHY****MI*3HZN634446000~NM1*74*1*MOUNT*TIMOTHY*S***C*3HZN634446000~NM1*82*2*M M WIESE WAIBEL LCSW*****XX*1902991391~DTM*050*20130530~DTM*232*20130508~DTM*233*20130508~PER*CX*NATIONAL ACCOUNTS POS*TE*8006244758~AMT*AU*60~AMT*T2*35~SVC*HC:99199*125*35**1*HC:90834~DTM*472*20130508~CAS*PR*3*25~CAS*CO*45*65~REF*6R*0~REF*HPI*1902991391~AMT*B6*60~CLP*8600A130511*1*125*35*25*13*780271315056695   00**1~NM1*QC*1*GRANT*MACY****MI*HSE3HZN63444600~NM1*IL*1*MOUNT*TIMOTHY****MI*3HZN634446000~NM1*74*1*MOUNT*TIMOTHY*S***C*3HZN634446000~NM1*82*2*M M WIESE WAIBEL LCSW*****XX*1902991391~DTM*050*20130530~DTM*232*20130501~DTM*233*20130501~PER*CX*NATIONAL ACCOUNTS POS*TE*8006244758~AMT*AU*60~AMT*T2*35~SVC*HC:99199*125*35**1*HC:90834~DTM*472*20130501~CAS*PR*3*25~CAS*CO*45*65~REF*6R*0~REF*HPI*1902991391~AMT*B6*60~CLP*8300A130511*1*125*35*25*13*780261315132504   00**1~NM1*QC*1*ORSINI*SUSAN*J***MI*HEF3HZN69937170~NM1*IL*1*ORSINI*NICHOLAS****MI*3HZN699371700~NM1*74*1*ORSINI*NICHOLAS*R***C*3HZN699371700~NM1*82*2*M M WIESE WAIBEL LCSW*****XX*1902991391~DTM*050*20130530~DTM*232*20130501~DTM*233*20130501~PER*CX*NATIONAL ACCOUNTS POS*TE*8006244758~AMT*AU*60~AMT*T2*35~SVC*HC:99199*125*35**1*HC:90834~DTM*472*20130501~CAS*PR*3*25~CAS*CO*45*65~REF*6R*0~REF*HPI*1902991391~AMT*B6*60~SE*171*0002~GE*2*143343294~IEA*1*143343294~
