ISA*00*          *00*          *ZZ*330897513      *ZZ*ASSOCIATEDBC   *130612*1914*^*00501*143469201*0*P*:~GS*HP*330897513*ASSOCIATEDBC*20130612*1914*143469201*X*005010X221A1~ST*835*0001~BPR*H*0*C*NON************20130612~TRN*1*012557530*1216000928~REF*EV*9904204~DTM*405*20130607~N1*PR*NEW JERSEY MEDICAID~N3*3705 QUAKERBRIDGE ROAD, SUITE 101~N4*TRENTON*NJ*086191288~PER*CX*NEW JERSEY MEDICAID PROVIDER SERVICES*TE*8007766334~PER*BL*NEW JERSEY EDI UNIT*TE*6095886051*EM*NJMMISEDI@MOLINAHEALTHCARE.COM*FX*6095848268~PER*IC**UR*WWW.NJMMIS.COM~N1*PE*WAY          KAREN      GPHD*XX*1477603942~REF*PQ*0225177~REF*TJ*008388097~LX*1~CLP*243065069821*4*150*0**MC*201306654301901-06080464*11*1~NM1*QC*1*DIEFENBACKER*NICOLE****MR*243065069821~DTM*232*20130218~DTM*233*20130218~SVC*HC:90834*150*0~DTM*472*20130218~CAS*OA*16*150~REF*6R*808243065069821~LQ*HE*N29~CLP*123035462701*4*150*0**MC*201306654302001-06080464*11*1~NM1*QC*1*DIX-MOON*KIMBERLI****MR*123035462701~DTM*232*20130219~DTM*233*20130219~SVC*HC:90834*150*0~DTM*472*20130219~CAS*OA*16*150~REF*6R*810123035462701~LQ*HE*N29~CLP*123035462701*4*150*0**MC*201306654302002-06080464*11*1~NM1*QC*1*DIX-MOON*KIMBERLI****MR*123035462701~DTM*232*20130222~DTM*233*20130222~SVC*HC:90834*150*0~DTM*472*20130222~CAS*OA*16*150~REF*6R*811123035462701~LQ*HE*N29~CLP*123035462701*4*150*0**MC*201306654302003-06080464*11*1~NM1*QC*1*DIX-MOON*KIMBERLI****MR*123035462701~DTM*232*20130226~DTM*233*20130226~SVC*HC:90834*150*0~DTM*472*20130226~CAS*OA*16*150~REF*6R*812123035462701~LQ*HE*N29~CLP*243065069821*4*150*0**MC*201306654301902-06080464*11*1~NM1*QC*1*DIEFENBACKER*NICOLE****MR*243065069821~DTM*232*20130227~DTM*233*20130227~SVC*HC:90834*150*0~DTM*472*20130227~CAS*OA*16*150~REF*6R*809243065069821~LQ*HE*N29~SE*61*0001~GE*1*143469201~IEA*1*143469201~
