ISA*00*          *00*          *ZZ*330897513      *ZZ*ASSOCIATEDBC   *130613*0954*^*00501*143534731*0*P*:~GS*HP*330897513*ASSOCIATEDBC*20130613*0954*143534731*X*005010X221A1~ST*835*0001~BPR*I*54.89*C*ACH*CCP*01*081517693*DA*152302017073*1205296137**01*221272303*DA*3010001018*20130611~TRN*1*885628091*1205296137~REF*EV*1929361~DTM*405*20130610~N1*PR*NOVITAS SOLUTIONS, INC.~N3*PO BOX 890031~N4*CAMP HILL*PA*170890031~REF*2U*12402~PER*CX**TE*8772358073~PER*BL*NOVITAS SOLUTIONS, INC. EDI SERVICES*TE*8772358073*EX*1*EM*WEBSITEEDI@NOVITAS_SOLUTIONS.COM~N1*PE*MAUREEN J. HUDAK  CP*XX*1013063346~N3*SUITE 2A*47 RARITAN AVE~N4*HIGHLAND PARK*NJ*089042440~REF*TJ*142460069~LX*1~CLP*156801936 A*19*150*54.89*30.16*MB*0813133172260*11~NM1*QC*1*MARIANO*MELISSA****HN*156801936A~NM1*TT*2*COMMONWEALTH OF PENNSYLVANIA*****PI*70031~MOA***MA01*MA07~DTM*050*20130513~SVC*HC:90834*150*54.89**1~DTM*472*20130425~CAS*CO*45*63.83**223*1.12~CAS*PR*2*14**122*16.16~REF*6R*LX#01~REF*LU*11~AMT*B6*86.17~SE*29*0001~ST*835*0002~BPR*I*905.74*C*ACH*CCP*01*081517693*DA*152302017073*1205296137**01*021200339*DA*009001064684*20130611~TRN*1*885625284*1205296137~REF*EV*1929361~DTM*405*20130610~N1*PR*NOVITAS SOLUTIONS, INC.~N3*PO BOX 890031~N4*CAMP HILL*PA*170890031~REF*2U*12402~PER*CX**TE*8772358073~PER*BL*NOVITAS SOLUTIONS, INC. EDI SERVICES*TE*8772358073*EX*1*EM*WEBSITEEDI@NOVITAS_SOLUTIONS.COM~N1*PE*EUNICE P. EUROPA*XX*1205985884~N3*28 MORRIS ROAD~N4*TENAFLY*NJ*076702427~REF*TJ*141305923~LX*1~CLP*092368750 M*19*750*205.85*113.1*MB*0813133248720*11~NM1*QC*1*FOX*LINDA****HN*092368750M~NM1*TT*2*NJ DEPT. OF HUMAN SERVICES*****PI*70079~MOA***MA01*MA07~DTM*050*20130513~SVC*HC:90834*150*41.17**1~DTM*472*20130402~CAS*CO*45*85.37**223*0.84~CAS*PR*2*10.5**122*12.12~REF*6R*LX#01~REF*LU*11~AMT*B6*64.63~SVC*HC:90834*150*41.17**1~DTM*472*20130403~CAS*CO*45*85.37**223*0.84~CAS*PR*2*10.5**122*12.12~REF*6R*LX#02~REF*LU*11~AMT*B6*64.63~SVC*HC:90834*150*41.17**1~DTM*472*20130410~CAS*CO*45*85.37**223*0.84~CAS*PR*2*10.5**122*12.12~REF*6R*LX#03~REF*LU*11~AMT*B6*64.63~SVC*HC:90834*150*41.17**1~DTM*472*20130416~CAS*CO*45*85.37**223*0.84~CAS*PR*2*10.5**122*12.12~REF*6R*LX#04~REF*LU*11~AMT*B6*64.63~SVC*HC:90834*150*41.17**1~DTM*472*20130424~CAS*CO*45*85.37**223*0.84~CAS*PR*2*10.5**122*12.12~REF*6R*LX#05~REF*LU*11~AMT*B6*64.63~CLP*155324974A*1*600*164.68*90.48*MB*0813133248730*11~NM1*QC*1*GOODNOUGH*SUSAN****HN*155324974A~MOA***MA01~DTM*050*20130513~SVC*HC:90834*150*41.17**1~DTM*472*20130402~CAS*CO*45*85.37**223*0.84~CAS*PR*2*10.5**122*12.12~REF*6R*LX#01~REF*LU*11~AMT*B6*64.63~SVC*HC:90834*150*41.17**1~DTM*472*20130410~CAS*CO*45*85.37**223*0.84~CAS*PR*2*10.5**122*12.12~REF*6R*LX#02~REF*LU*11~AMT*B6*64.63~SVC*HC:90834*150*41.17**1~DTM*472*20130417~CAS*CO*45*85.37**223*0.84~CAS*PR*2*10.5**122*12.12~REF*6R*LX#03~REF*LU*11~AMT*B6*64.63~SVC*HC:90834*150*41.17**1~DTM*472*20130424~CAS*CO*45*85.37**223*0.84~CAS*PR*2*10.5**122*12.12~REF*6R*LX#04~REF*LU*11~AMT*B6*64.63~CLP*156303340A*1*250*82.34*45.24*MB*0813133248740*11~NM1*QC*1*ST JOHN*CAROL*C***HN*156303340A~MOA***MA01~DTM*050*20130513~SVC*HC:90834*125*41.17**1~DTM*472*20130424~CAS*CO*45*60.37**223*0.84~CAS*PR*2*10.5**122*12.12~REF*6R*LX#01~REF*LU*11~AMT*B6*64.63~SVC*HC:90834*125*41.17**1~DTM*472*20130430~CAS*CO*45*60.37**223*0.84~CAS*PR*2*10.5**122*12.12~REF*6R*LX#02~REF*LU*11~AMT*B6*64.63~CLP*156303340A*1*750*247.02*135.72*MB*0813133248750*11~NM1*QC*1*ST JOHN*CAROL*C***HN*156303340A~MOA***MA01~DTM*050*20130513~SVC*HC:90834*125*41.17**1~DTM*472*20130402~CAS*CO*45*60.37**223*0.84~CAS*PR*2*10.5**122*12.12~REF*6R*LX#01~REF*LU*11~AMT*B6*64.63~SVC*HC:90834*125*41.17**1~DTM*472*20130409~CAS*CO*45*60.37**223*0.84~CAS*PR*2*10.5**122*12.12~REF*6R*LX#02~REF*LU*11~AMT*B6*64.63~SVC*HC:90834*125*41.17**1~DTM*472*20130410~CAS*CO*45*60.37**223*0.84~CAS*PR*2*10.5**122*12.12~REF*6R*LX#03~REF*LU*11~AMT*B6*64.63~SVC*HC:90834*125*41.17**1~DTM*472*20130416~CAS*CO*45*60.37**223*0.84~CAS*PR*2*10.5**122*12.12~REF*6R*LX#04~REF*LU*11~AMT*B6*64.63~SVC*HC:90834*125*41.17**1~DTM*472*20130417~CAS*CO*45*60.37**223*0.84~CAS*PR*2*10.5**122*12.12~REF*6R*LX#05~REF*LU*11~AMT*B6*64.63~SVC*HC:90834*125*41.17**1~DTM*472*20130423~CAS*CO*45*60.37**223*0.84~CAS*PR*2*10.5**122*12.12~REF*6R*LX#06~REF*LU*11~AMT*B6*64.63~CLP*153522271A*1*750*205.85*113.1*MB*0813133248760*11~NM1*QC*1*WINE*DONNA****HN*153522271A~MOA***MA01~DTM*050*20130513~SVC*HC:90834*150*41.17**1~DTM*472*20130402~CAS*CO*45*85.37**223*0.84~CAS*PR*2*10.5**122*12.12~REF*6R*LX#01~REF*LU*11~AMT*B6*64.63~SVC*HC:90834*150*41.17**1~DTM*472*20130409~CAS*CO*45*85.37**223*0.84~CAS*PR*2*10.5**122*12.12~REF*6R*LX#02~REF*LU*11~AMT*B6*64.63~SVC*HC:90834*150*41.17**1~DTM*472*20130416~CAS*CO*45*85.37**223*0.84~CAS*PR*2*10.5**122*12.12~REF*6R*LX#03~REF*LU*11~AMT*B6*64.63~SVC*HC:90834*150*41.17**1~DTM*472*20130423~CAS*CO*45*85.37**223*0.84~CAS*PR*2*10.5**122*12.12~REF*6R*LX#04~REF*LU*11~AMT*B6*64.63~SVC*HC:90834*150*41.17**1~DTM*472*20130430~CAS*CO*45*85.37**223*0.84~CAS*PR*2*10.5**122*12.12~REF*6R*LX#05~REF*LU*11~AMT*B6*64.63~SE*192*0002~ST*835*0003~BPR*I*548.9*C*ACH*CCP*01*081517693*DA*152302017073*1205296137**01*021200339*DA*000023232862*20130611~TRN*1*885627971*1205296137~REF*EV*1929361~DTM*405*20130610~N1*PR*NOVITAS SOLUTIONS, INC.~N3*PO BOX 890031~N4*CAMP HILL*PA*170890031~REF*2U*12402~PER*CX**TE*8772358073~PER*BL*NOVITAS SOLUTIONS, INC. EDI SERVICES*TE*8772358073*EX*1*EM*WEBSITEEDI@NOVITAS_SOLUTIONS.COM~N1*PE*OWEN K. ISAACS III*XX*1235293879~N3*SUITE 201*29 CLYDE ROAD~N4*SOMERSET*NJ*088735040~REF*TJ*153327013~LX*1~CLP*0*1*300*109.78*60.32*MB*0813133248770*11~NM1*QC*1*ALEVRITIS*DORINDA****HN*152643242A~MOA***MA01~DTM*050*20130513~SVC*HC:90834*150*54.89**1~DTM*472*20130409~CAS*CO*45*63.83**223*1.12~CAS*PR*2*14**122*16.16~REF*6R*LX#01~REF*LU*11~AMT*B6*86.17~SVC*HC:90834*150*54.89**1~DTM*472*20130423~CAS*CO*45*63.83**223*1.12~CAS*PR*2*14**122*16.16~REF*6R*LX#02~REF*LU*11~AMT*B6*86.17~CLP*0*19*450*164.67*90.48*MB*0813133248780*11~NM1*QC*1*GONZALES*EVELYN****HN*264745303A~NM1*TT*2*MUTUAL OF OMAHA INSURANCE COMP*****PI*30090~MOA***MA01*MA18~DTM*050*20130513~SVC*HC:90834*150*54.89**1~DTM*472*20130402~CAS*CO*45*63.83**223*1.12~CAS*PR*2*14**122*16.16~REF*6R*LX#01~REF*LU*11~AMT*B6*86.17~SVC*HC:90834*150*54.89**1~DTM*472*20130416~CAS*CO*45*63.83**223*1.12~CAS*PR*2*14**122*16.16~REF*6R*LX#02~REF*LU*11~AMT*B6*86.17~SVC*HC:90834*150*54.89**1~DTM*472*20130430~CAS*CO*45*63.83**223*1.12~CAS*PR*2*14**122*16.16~REF*6R*LX#03~REF*LU*11~AMT*B6*86.17~CLP*0*1*450*164.67*90.48*MB*0813133248790*11~NM1*QC*1*HILLSMAN*RODNEY*E***HN*145566109A~MOA***MA01~DTM*050*20130513~SVC*HC:90834*150*54.89**1~DTM*472*20130403~CAS*CO*45*63.83**223*1.12~CAS*PR*2*14**122*16.16~REF*6R*LX#01~REF*LU*11~AMT*B6*86.17~SVC*HC:90834*150*54.89**1~DTM*472*20130411~CAS*CO*45*63.83**223*1.12~CAS*PR*2*14**122*16.16~REF*6R*LX#02~REF*LU*11~AMT*B6*86.17~SVC*HC:90834*150*54.89**1~DTM*472*20130424~CAS*CO*45*63.83**223*1.12~CAS*PR*2*14**122*16.16~REF*6R*LX#03~REF*LU*11~AMT*B6*86.17~CLP*0*1*300*109.78*60.32*MB*0813133248800*11~NM1*QC*1*SHANAHAN*COLIN*F***HN*151540846A~MOA***MA01~DTM*050*20130513~SVC*HC:90834*150*54.89**1~DTM*472*20130403~CAS*CO*45*63.83**223*1.12~CAS*PR*2*14**122*16.16~REF*6R*LX#01~REF*LU*11~AMT*B6*86.17~SVC*HC:90834*150*54.89**1~DTM*472*20130410~CAS*CO*45*63.83**223*1.12~CAS*PR*2*14**122*16.16~REF*6R*LX#02~REF*LU*11~AMT*B6*86.17~SE*104*0003~GE*3*143534731~IEA*1*143534731~
