ISA*00*          *00*          *ZZ*330897513      *ZZ*ASSOCIATEDBC   *130614*0233*U*00401*143642967*0*P*:~GS*HP*330897513*ASSOCIATEDBC*20130614*0233*143642967*X*004010X091A1~ST*835*0001~BPR*I*22.62*C*ACH*CCP*01*031100225*DA*2079950064280/*1220999690**01*231372691*DA*0181143836*20130611~TRN*1*0003731941*1220999690*8352013061203510816~REF*EV*1902991391~DTM*405*20130611~N1*PR*HORIZON BCBSNJ~N3*PAYOR ADDRESS 1~N4*NEWARK*NJ*071010420~REF*2U*22099~N1*PE*M M WIESE WAIBEL LCSW*XX*1902991391~N3*800 RARITAN RD~N4*CLARK*NJ*070661710~REF*PQ*2621359190~REF*TJ*262135919~LX*1~CLP*151662088*1*125*22.62**15*780271315945207   00**1~NM1*QC*1*CICALESE*KRISTA*A***MI*3HZN98001790~NM1*82*2*M M WIESE WAIBEL LCSW*****XX*1902991391~DTM*050*20130607~DTM*232*20130416~DTM*233*20130416~PER*CX*HORIZON CONTEMPORARY MEDIGAP PLAN C*TE*8006241110~AMT*AU*63.79~AMT*T2*22.62~SVC*HC:99199*125*22.62**1*HC:90834~DTM*472*20130416~CAS*OA*23*102.38~REF*6R*LX#01~REF*HPI*1902991391~AMT*B6*63.79~SE*31*0001~GE*1*143642967~IEA*1*143642967~
