ISA*00*          *00*          *ZZ*330897513      *ZZ*ASSOCIATEDBC   *130617*2129*U*00401*143956517*0*P*:~GS*HP*330897513*ASSOCIATEDBC*20130617*2129*143956517*X*004010X091A1~ST*835*0001~BPR*I*162*C*ACH*CCP*01*031100225*DA*2079950064280/*1220999690**01*231372691*DA*0181143836*20130613~TRN*1*0003746766*1220999690*8352013061405420787~REF*EV*1902991391~DTM*405*20130613~N1*PR*HORIZON BCBSNJ~N3*PAYOR ADDRESS 1~N4*NEWARK*NJ*071010420~REF*2U*22099~N1*PE*M M WIESE WAIBEL LCSW*XX*1902991391~N3*800 RARITAN RD~N4*CLARK*NJ*070661710~REF*PQ*2621359190~REF*TJ*262135919~LX*1~CLP*3HZN04240760*1*125*10*50*13*780271315504972   00**1~NM1*QC*1*RICKERT*SUSAN*M***MI*JGV3HZN04240760~NM1*IL*1*RICKERT*WILLIAM*L***MI*3HZN042407600~NM1*82*2*M M WIESE WAIBEL LCSW*****XX*1902991391~DTM*050*20130604~DTM*232*20130524~DTM*233*20130524~PER*CX*ADVANTAGE EPO CAP*TE*8886662535~AMT*AU*60~AMT*T2*10~SVC*HC:99199*125*10**1*HC:90834~DTM*472*20130524~CAS*PR*3*50~CAS*CO*45*65~REF*6R*2543HZN04240760~REF*HPI*1902991391~AMT*B6*60~CLP*3HZN43439970*1*250*62*10*13*780271315504970   00**1~NM1*QC*1*WINTERS*DAVID****MI*3HZN434399700~NM1*74*1*WINTERS*DAVID*M***C*YHQ3HZN43439970~NM1*82*2*M M WIESE WAIBEL LCSW*****XX*1902991391~DTM*050*20130604~DTM*232*20130529~DTM*233*20130529~PER*CX*HORIZON BLUE CROSS BLUE SHIELD OF NEW JERSEY DIRECT ACCESS*TE*8006241110~AMT*AU*72~AMT*T2*62~SVC*HC:99199*250*62**1*HC:90791~DTM*472*20130529~CAS*PR*3*10~CAS*CO*45*178~REF*6R*2763HZN43439970~REF*HPI*1902991391~AMT*B6*72~CLP*HSE3HZN634446*1*250*70*50*13*780271315505135   00**1~NM1*QC*1*GRANT*MACY****MI*HSE3HZN63444600~NM1*IL*1*MOUNT*TIMOTHY****MI*3HZN634446000~NM1*74*1*MOUNT*TIMOTHY*S***C*3HZN634446000~NM1*82*2*M M WIESE WAIBEL LCSW*****XX*1902991391~DTM*050*20130604~DTM*232*20130522~DTM*233*20130529~PER*CX*NATIONAL ACCOUNTS POS*TE*8006244758~AMT*AU*120~AMT*T2*70~SVC*HC:99199*125*35**1*HC:90834~DTM*472*20130522~CAS*PR*3*25~CAS*CO*45*65~REF*6R*229HSE3HZN634446~REF*HPI*1902991391~AMT*B6*60~SVC*HC:99199*125*35**1*HC:90834~DTM*472*20130529~CAS*PR*3*25~CAS*CO*45*65~REF*6R*230HSE3HZN634446~REF*HPI*1902991391~AMT*B6*60~CLP*3HZN89299890*1*125*20*40*13*780261315589180   00**1~NM1*QC*1*SHAH*ROSEMARIE****MI*YHX3HZN89299890~NM1*IL*1*SHAH*HR****MI*3HZN892998900~NM1*74*1*SHAH*HASMUKH*R***C*3HZN892998900~NM1*82*2*M M WIESE WAIBEL LCSW*****XX*1902991391~DTM*050*20130604~DTM*232*20130517~DTM*233*20130517~PER*CX*NATIONAL ACCOUNTS POS*TE*8006244758~AMT*AU*60~AMT*T2*20~SVC*HC:99199*125*20**1*HC:90834~DTM*472*20130517~CAS*PR*3*40~CAS*CO*45*65~REF*6R*2553HZN89299890~REF*HPI*1902991391~AMT*B6*60~SE*93*0001~ST*835*0002~BPR*I*102.62*C*ACH*CCP*01*031100225*DA*2079950064280/*1220999690**01*231372691*DA*0181143836*20130614~TRN*1*0003753707*1220999690*8352013061502580756~REF*EV*1902991391~DTM*405*20130614~N1*PR*HORIZON BCBSNJ~N3*PAYOR ADDRESS 1~N4*NEWARK*NJ*071010420~REF*2U*22099~N1*PE*M M WIESE WAIBEL LCSW*XX*1902991391~N3*800 RARITAN RD~N4*CLARK*NJ*070661710~REF*PQ*2621359190~REF*TJ*262135919~LX*1~CLP*3HZN03939260*1*125*45*15*13*780271315512051   00**1~NM1*QC*1*SOMERS*ELAINE****MI*YHQ3HZN03939260~NM1*IL*1*SOMERS*ROBERT****MI*3HZN039392600~NM1*82*2*M M WIESE WAIBEL LCSW*****XX*1902991391~DTM*050*20130604~DTM*232*20130517~DTM*233*20130517~PER*CX*HORIZON BLUE CROSS BLUE SHIELD OF NEW JERSEY DIRECT ACCESS*TE*8006241110~AMT*AU*60~AMT*T2*45~SVC*HC:99199*125*45**1*HC:90834~DTM*472*20130517~CAS*PR*3*15~CAS*CO*45*65~REF*6R*2593HZN03939260~REF*HPI*1902991391~AMT*B6*60~CLP*137426725 A*2*125*22.62*37.38*13*780261315869414   00**1~CAS*PR*96*37.38~CAS*OA*96*-37.38~NM1*QC*1*TORRE*JOSEPH*J***MI*3HZN555919000~NM1*74*1*TORRE*JOSEPH****C*3HZN55591900~NM1*82*2*M M WIESE WAIBEL LCSW*****XX*1902991391~MOA***MA69~DTM*050*20130606~DTM*232*20130425~DTM*233*20130425~PER*CX*HORIZON BLUE CROSS BLUE SHIELD OF NEW JERSEY DIRECT ACCESS*TE*8006241110~AMT*AU*60~AMT*T2*22.62~SVC*HC:99199*125*22.62**1*HC:90834~DTM*472*20130425~CAS*OA*23*102.38~REF*6R*LX#01~REF*HPI*1902991391~AMT*B6*60~CLP*3HZN69937170*1*125*35*25*13*780271315516185   00**1~NM1*QC*1*ORSINI*SUSAN*J***MI*HEF3HZN69937170~NM1*IL*1*ORSINI*NICHOLAS****MI*3HZN699371700~NM1*74*1*ORSINI*NICHOLAS*R***C*3HZN699371700~NM1*82*2*M M WIESE WAIBEL LCSW*****XX*1902991391~DTM*050*20130604~DTM*232*20130522~DTM*233*20130522~PER*CX*NATIONAL ACCOUNTS POS*TE*8006244758~AMT*AU*60~AMT*T2*35~SVC*HC:99199*125*35**1*HC:90834~DTM*472*20130522~CAS*PR*3*25~CAS*CO*45*65~REF*6R*2463HZN69937170~REF*HPI*1902991391~AMT*B6*60~SE*70*0002~GE*2*143956517~IEA*1*143956517~
