ISA*00*          *00*          *ZZ*330897513      *ZZ*ASSOCIATEDBC   *130618*1315*U*00401*144040826*0*P*:~GS*HP*330897513*ASSOCIATEDBC*20130618*1315*144040826*X*004010X091A1~ST*835*0001~BPR*H*0*C*NON************20130615~TRN*1*0015344964*1220999690*8352013061704020809~REF*EV*1902991391~DTM*405*20130615~N1*PR*HORIZON BCBSNJ~N3*PAYOR ADDRESS 1~N4*NEWARK*NJ*071010420~REF*2U*22099~N1*PE*M M WIESE WAIBEL LCSW*XX*1902991391~N3*800 RARITAN RD~N4*CLARK*NJ*070661710~REF*PQ*2621359190~REF*TJ*262135919~LX*1~CLP*3HZN04240760*4*375*0**13*780261315754267   00**1~NM1*QC*1*RICKERT*SUSAN*M***MI*JGV3HZN04240760~NM1*IL*1*RICKERT*WILLIAM*L***MI*3HZN042407600~NM1*82*2*M M WIESE WAIBEL LCSW*****XX*1902991391~DTM*050*20130605~DTM*232*20130507~DTM*233*20130524~PER*CX*ADVANTAGE EPO CAP*TE*8886662535~SVC*HC:99199*125*0**1*HC:90834~DTM*472*20130507~CAS*OA*18*125~REF*6R*3333HZN04240760~REF*HPI*1902991391~SVC*HC:99199*125*0**1*HC:90834~DTM*472*20130514~CAS*OA*18*125~REF*6R*3353HZN04240760~REF*HPI*1902991391~SVC*HC:99199*125*0**1*HC:90834~DTM*472*20130524~CAS*OA*18*125~REF*6R*3363HZN04240760~REF*HPI*1902991391~SE*39*0001~GE*1*144040826~IEA*1*144040826~
