ISA*00*          *00*          *ZZ*330897513      *ZZ*ASSOCIATEDBC   *130619*0341*U*00401*144131084*0*P*:~GS*HP*330897513*ASSOCIATEDBC*20130619*0341*144131084*X*004010X091A1~ST*835*0001~BPR*I*500*C*CHK******1043270923******20130617~TRN*1*001657200*1043270923~REF*EV*SL0002~REF*F2*3000-001~DTM*405*20130614~N1*PR*TUFTS BENEFIT ADMINISTRATORS INC.~N3*PO BOX 9185~N4*WATERTOWN*MA*024719185~REF*2U*04298~PER*CX*EDI OPERATIONS*TE*8888808699*EX*4042~N1*PE*GULLA JAMES P. LCMHC*XX*1922200658~LX*1~CLP*714214903*1*625*500*125*12*3165BANM~NM1*QC*1*WYMAN*ARTHUR****MI*776987405   02~SVC*HC:90837*125*100**1~DTM*472*20130501~CAS*PR*2*25~REF*6R*374714214903~AMT*B6*125~SVC*HC:90837*125*100**1~DTM*472*20130508~CAS*PR*2*25~REF*6R*375714214903~AMT*B6*125~SVC*HC:90837*125*100**1~DTM*472*20130515~CAS*PR*2*25~REF*6R*376714214903~AMT*B6*125~SVC*HC:90837*125*100**1~DTM*472*20130522~CAS*PR*2*25~REF*6R*377714214903~AMT*B6*125~SVC*HC:90837*125*100**1~DTM*472*20130528~CAS*PR*2*25~REF*6R*378714214903~AMT*B6*125~SE*41*0001~GE*1*144131084~IEA*1*144131084~
