ISA*00*          *00*          *ZZ*330897513      *ZZ*ASSOCIATEDBC   *130619*1925*^*00501*144255714*0*P*:~GS*HP*330897513*ASSOCIATEDBC*20130619*1925*144255714*X*005010X221A1~ST*835*0001~BPR*H*0*C*NON************20130619~TRN*1*012568159*1216000928~REF*EV*9904204~DTM*405*20130614~N1*PR*NEW JERSEY MEDICAID~N3*3705 QUAKERBRIDGE ROAD, SUITE 101~N4*TRENTON*NJ*086191288~PER*CX*NEW JERSEY MEDICAID PROVIDER SERVICES*TE*8007766334~PER*BL*NEW JERSEY EDI UNIT*TE*6095886051*EM*NJMMISEDI@MOLINAHEALTHCARE.COM*FX*6095848268~PER*IC**UR*WWW.NJMMIS.COM~N1*PE*WAY          KAREN      GPHD*XX*1477603942~REF*PQ*0225177~REF*TJ*008388097~LX*1~CLP*026662235A*4*150*0**MC*201307421556901-06080464*11*1~NM1*QC*1*GRIMALDI*JENNIFER*J***MR*212080697401~REF*EA*0813042181410~DTM*232*20130121~DTM*233*20130121~SVC*HC:90834*150*0~DTM*472*20130121~CAS*OA*16*150~REF*6R*LX#01~LQ*HE*N29~CLP*135742336A*4*150*0**MC*201307422312002-06080464*11*1~NM1*QC*1*HAMMOND*NORMAN****MR*122081285101~REF*EA*0813042181400~DTM*232*20130122~DTM*233*20130122~SVC*HC:90834*150*0~DTM*472*20130122~CAS*OA*16*150~REF*6R*LX#01~LQ*HE*N29~CLP*137640510 A*4*150*0**MC*201307421557101-06080464*11*1~NM1*QC*1*SANCHEZ*ARAENA****MR*182000374401~REF*EA*0813042181380~DTM*232*20130124~DTM*233*20130124~SVC*HC:90834*150*0~DTM*472*20130124~CAS*OA*16*150~REF*6R*LX#01~LQ*HE*N29~CLP*026662235A*4*150*0**MC*201307421556902-06080464*11*1~NM1*QC*1*GRIMALDI*JENNIFER*J***MR*212080697401~REF*EA*0813042181410~DTM*232*20130128~DTM*233*20130128~SVC*HC:90834*150*0~DTM*472*20130128~CAS*OA*16*150~REF*6R*LX#02~LQ*HE*N29~CLP*135742336A*4*150*0**MC*201307422312001-06080464*11*1~NM1*QC*1*HAMMOND*NORMAN****MR*122081285101~REF*EA*0813042181400~DTM*232*20130129~DTM*233*20130129~SVC*HC:90834*150*0~DTM*472*20130129~CAS*OA*16*150~REF*6R*LX#02~LQ*HE*N29~CLP*135405190 A*4*150*0**MC*201307421557001-133206080464*11*1~NM1*QC*1*ZABOROWSKI*RAYMOND*T***MR*122077125801~REF*EA*0813042181470~DTM*232*20130130~DTM*233*20130130~SVC*HC:90834*150*0~DTM*472*20130130~CAS*OA*16*150~REF*6R*LX#01~LQ*HE*M57~LQ*HE*N29~CLP*137640510 A*4*150*0**MC*201307421557102-06080464*11*1~NM1*QC*1*SANCHEZ*ARAENA****MR*182000374401~REF*EA*0813042181380~DTM*232*20130131~DTM*233*20130131~SVC*HC:90834*150*0~DTM*472*20130131~CAS*OA*16*150~REF*6R*LX#02~LQ*HE*N29~CLP*156560448A*4*150*0**MC*201307421113701-030606080464*11*1~NM1*QC*1*FRAMPTON*STEPHEN****MR*152030463701~REF*EA*0813042181420~DTM*232*20130131~DTM*233*20130131~SVC*HC:90834*150*0~DTM*472*20130131~CAS*OA*16*150~REF*6R*LX#01~LQ*HE*MA80~LQ*HE*N29~SE*98*0001~GE*1*144255714~IEA*1*144255714~
