ISA*00*          *00*          *ZZ*330897513      *ZZ*ASSOCIATEDBC   *130625*0525*^*00501*144657492*0*P*:~GS*HP*330897513*ASSOCIATEDBC*20130625*0525*144657492*X*005010X221A1~ST*835*0001~BPR*I*553.79*C*ACH*CCP*01*081517693*DA*152302017073*1205296137**01*021200025*DA*2000031302801*20130620~TRN*1*885661346*1205296137~REF*EV*1929361~DTM*405*20130619~N1*PR*NOVITAS SOLUTIONS, INC.~N3*PO BOX 890031~N4*CAMP HILL*PA*170890031~REF*2U*12402~PER*CX**TE*8772358073~PER*BL*NOVITAS SOLUTIONS, INC. EDI SERVICES*TE*8772358073*EX*1*EM*WEBSITEEDI@NOVITAS_SOLUTIONS.COM~N1*PE*DAVID SIEGMAN  CP*XX*1306926589~N3*STE 140*47 RARITAN AVE~N4*HIGHLAND PARK*NJ*089042440~REF*TJ*300450564~LX*1~CLP*I DAV1D STEGMAN*19*180*54.89*30.16*MB*0813142014090*11~NM1*QC*1*BUZZONE*VINCENT****HN*109324063A~NM1*TT*2*WPS - TRICARE FOR LIFE*****PI*60000~MOA***MA01*MA18~DTM*050*20130522~SVC*HC:90834*180*54.89**1~DTM*472*20130507~CAS*CO*45*93.83**223*1.12~CAS*PR*2*14**122*16.16~REF*6R*LX#01~REF*LU*11~AMT*B6*86.17~CLP*145242174A*19*180*54.89*30.16*MB*0813142013950*11~NM1*QC*1*FISHER*JEWEL*S***HN*145242174A~NM1*TT*2*HORIZON BCBS OF NEW JERSEY*****PI*00019~MOA***MA01*MA18~DTM*050*20130522~SVC*HC:90834*180*54.89**1~DTM*472*20130507~CAS*CO*45*93.83**223*1.12~CAS*PR*2*14**122*16.16~REF*6R*LX#01~REF*LU*11~AMT*B6*86.17~CLP*0*19*190*59.78*32.85*MB*0813142013960*11~NM1*QC*1*FISKE*LINDA****HN*080349520A~NM1*TT*2*HORIZON BCBS OF NEW JERSEY*****PI*30013~MOA***MA01*MA18~DTM*050*20130522~SVC*HC:90847*190*59.78**1~DTM*472*20130509~CAS*CO*45*96.15**223*1.22~CAS*PR*2*15.25**122*17.6~REF*6R*LX#01~REF*LU*11~AMT*B6*93.85~CLP*135363133 A*19*360*109.78*60.32*MB*0813142013970*11~NM1*QC*1*GALLOF*CAROLE*S***HN*135363133A~NM1*TT*2*AMERICAN CONTINENTAL INSU.*****PI*30074~MOA***MA01*MA18~DTM*050*20130522~SVC*HC:90834*180*54.89**1~DTM*472*20130506~CAS*CO*45*93.83**223*1.12~CAS*PR*2*14**122*16.16~REF*6R*LX#01~REF*LU*11~AMT*B6*86.17~SVC*HC:90834*180*54.89**1~DTM*472*20130513~CAS*CO*45*93.83**223*1.12~CAS*PR*2*14**122*16.16~REF*6R*LX#02~REF*LU*11~AMT*B6*86.17~CLP*155344826 A*19*360*109.78*60.32*MB*0813142013980*11~NM1*QC*1*HENRY*LYNNE*N***HN*155344826A~NM1*TT*2*UNITEDHEALTHCARE*****PI*00082~MOA***MA01*MA18~DTM*050*20130522~SVC*HC:90834*180*54.89**1~DTM*472*20130502~CAS*CO*45*93.83**223*1.12~CAS*PR*2*14**122*16.16~REF*6R*LX#01~REF*LU*11~AMT*B6*86.17~SVC*HC:90834*180*54.89**1~DTM*472*20130508~CAS*CO*45*93.83**223*1.12~CAS*PR*2*14**122*16.16~REF*6R*LX#02~REF*LU*11~AMT*B6*86.17~CLP*143527616 A*19*180*54.89*30.16*MB*0813142013920*11~NM1*QC*1*MINDELL*STEPHEN****HN*143527616A~NM1*TT*2*UNITEDHEALTH GROUP*****PI*30002~MOA***MA01*MA18~DTM*050*20130522~SVC*HC:90834*180*54.89**1~DTM*472*20130509~CAS*CO*45*93.83**223*1.12~CAS*PR*2*14**122*16.16~REF*6R*LX#01~REF*LU*11~AMT*B6*86.17~CLP*295380009 A*19*180*54.89*30.16*MB*0813142013930*11~NM1*QC*1*PORRELLO*JOSEPH*M***HN*295380009A~NM1*TT*2*UNITEDHEALTH GROUP*****PI*30002~MOA***MA01*MA18~DTM*050*20130522~SVC*HC:90834*180*54.89**1~DTM*472*20130514~CAS*CO*45*93.83**223*1.12~CAS*PR*2*14**122*16.16~REF*6R*LX#01~REF*LU*11~AMT*B6*86.17~CLP*135363385 A*19*180*54.89*30.16*MB*0813142013940*11~NM1*QC*1*SCHREIBER*BARRY*J***HN*135363385A~NM1*TT*2*UNITEDHEALTHCARE*****PI*00082~MOA***MA01*MA18~DTM*050*20130522~SVC*HC:90834*180*54.89**1~DTM*472*20130502~CAS*CO*45*93.83**223*1.12~CAS*PR*2*14**122*16.16~REF*6R*LX#01~REF*LU*11~AMT*B6*86.17~SE*127*0001~ST*835*0002~BPR*I*1207.58*C*ACH*CCP*01*081517693*DA*152302017073*1205296137**01*221283512*DA*95665700570381*20130620~TRN*1*885661156*1205296137~REF*EV*1929361~DTM*405*20130619~N1*PR*NOVITAS SOLUTIONS, INC.~N3*PO BOX 890031~N4*CAMP HILL*PA*170890031~REF*2U*12402~PER*CX**TE*8772358073~PER*BL*NOVITAS SOLUTIONS, INC. EDI SERVICES*TE*8772358073*EX*1*EM*WEBSITEEDI@NOVITAS_SOLUTIONS.COM~N1*PE*KAREN G. WAY*XX*1477603942~N3*38 JUNIPER LANE~N4*PISCATAWAY*NJ*088545632~REF*TJ*264523736~LX*1~CLP*088460853 A*19*900*329.34*180.96*MB*0813142013990*11~NM1*QC*1*ARON*JOANNA*D***HN*088460853A~NM1*TT*2*GHI PPO*****PI*00035~MOA***MA01*MA18~DTM*050*20130522~SVC*HC:90834*150*54.89**1~DTM*472*20130501~CAS*CO*45*63.83**223*1.12~CAS*PR*2*14**122*16.16~REF*6R*LX#01~REF*LU*11~AMT*B6*86.17~SVC*HC:90834*150*54.89**1~DTM*472*20130503~CAS*CO*45*63.83**223*1.12~CAS*PR*2*14**122*16.16~REF*6R*LX#02~REF*LU*11~AMT*B6*86.17~SVC*HC:90834*150*54.89**1~DTM*472*20130506~CAS*CO*45*63.83**223*1.12~CAS*PR*2*14**122*16.16~REF*6R*LX#03~REF*LU*11~AMT*B6*86.17~SVC*HC:90834*150*54.89**1~DTM*472*20130508~CAS*CO*45*63.83**223*1.12~CAS*PR*2*14**122*16.16~REF*6R*LX#04~REF*LU*11~AMT*B6*86.17~SVC*HC:90834*150*54.89**1~DTM*472*20130511~CAS*CO*45*63.83**223*1.12~CAS*PR*2*14**122*16.16~REF*6R*LX#05~REF*LU*11~AMT*B6*86.17~SVC*HC:90834*150*54.89**1~DTM*472*20130513~CAS*CO*45*63.83**223*1.12~CAS*PR*2*14**122*16.16~REF*6R*LX#06~REF*LU*11~AMT*B6*86.17~CLP*152423142W*19*300*109.78*60.32*MB*0813142014000*11~NM1*QC*1*BERBAUM*JOANNE*I***HN*152423142W~NM1*TT*2*HORIZON BCBS OF NEW JERSEY*****PI*30013~MOA***MA01*MA18~DTM*050*20130522~SVC*HC:90834*150*54.89**1~DTM*472*20130503~CAS*CO*45*63.83**223*1.12~CAS*PR*2*14**122*16.16~REF*6R*LX#01~REF*LU*11~AMT*B6*86.17~SVC*HC:90834*150*54.89**1~DTM*472*20130511~CAS*CO*45*63.83**223*1.12~CAS*PR*2*14**122*16.16~REF*6R*LX#02~REF*LU*11~AMT*B6*86.17~CLP*140784147 A*1*600*219.56*120.64*MB*0813142014010*11~NM1*QC*1*FOSTER*KELLY****HN*140784147A~MOA***MA01~DTM*050*20130522~SVC*HC:90834*150*54.89**1~DTM*472*20130503~CAS*CO*45*63.83**223*1.12~CAS*PR*2*14**122*16.16~REF*6R*LX#01~REF*LU*11~AMT*B6*86.17~SVC*HC:90834*150*54.89**1~DTM*472*20130507~CAS*CO*45*63.83**223*1.12~CAS*PR*2*14**122*16.16~REF*6R*LX#02~REF*LU*11~AMT*B6*86.17~SVC*HC:90834*150*54.89**1~DTM*472*20130511~CAS*CO*45*63.83**223*1.12~CAS*PR*2*14**122*16.16~REF*6R*LX#03~REF*LU*11~AMT*B6*86.17~SVC*HC:90834*150*54.89**1~DTM*472*20130514~CAS*CO*45*63.83**223*1.12~CAS*PR*2*14**122*16.16~REF*6R*LX#04~REF*LU*11~AMT*B6*86.17~CLP*156560448A*19*150*54.89*30.16*MB*0813142014020*11~NM1*QC*1*FRAMPTON*STEPHEN****HN*156560448A~NM1*TT*2*NJ DEPT. OF HUMAN SERVICES*****PI*70077~MOA***MA01*MA07~DTM*050*20130522~SVC*HC:90834*150*54.89**1~DTM*472*20130502~CAS*CO*45*63.83**223*1.12~CAS*PR*2*14**122*16.16~REF*6R*LX#01~REF*LU*11~AMT*B6*86.17~CLP*026662235A*19*300*109.78*60.32*MB*0813142014030*11~NM1*QC*1*GRIMALDI*JENNIFER****HN*026662235A~NM1*TT*2*NJ DEPT. OF HUMAN SERVICES*****PI*70078~MOA***MA01*MA07~DTM*050*20130522~SVC*HC:90834*150*54.89**1~DTM*472*20130510~CAS*CO*45*63.83**223*1.12~CAS*PR*2*14**122*16.16~REF*6R*LX#01~REF*LU*11~AMT*B6*86.17~SVC*HC:90834*150*54.89**1~DTM*472*20130513~CAS*CO*45*63.83**223*1.12~CAS*PR*2*14**122*16.16~REF*6R*LX#02~REF*LU*11~AMT*B6*86.17~CLP*135742336 A*19*300*109.78*60.32*MB*0813142014040*11~NM1*QC*1*HAMMOND*NORMAN****HN*135742336A~NM1*TT*2*NJ DEPT. OF HUMAN SERVICES*****PI*70080~MOA***MA01*MA07~DTM*050*20130522~SVC*HC:90834*150*54.89**1~DTM*472*20130507~CAS*CO*45*63.83**223*1.12~CAS*PR*2*14**122*16.16~REF*6R*LX#01~REF*LU*11~AMT*B6*86.17~SVC*HC:90834*150*54.89**1~DTM*472*20130514~CAS*CO*45*63.83**223*1.12~CAS*PR*2*14**122*16.16~REF*6R*LX#02~REF*LU*11~AMT*B6*86.17~CLP*124704137A*19*150*54.89*30.16*MB*0813142014050*11~NM1*QC*1*KIM*SUN****HN*124704137A~NM1*TT*2*NJ DEPT. OF HUMAN SERVICES*****PI*70077~MOA***MA01*MA07~DTM*050*20130522~SVC*HC:90834*150*54.89**1~DTM*472*20130506~CAS*CO*45*63.83**223*1.12~CAS*PR*2*14**122*16.16~REF*6R*LX#01~REF*LU*11~AMT*B6*86.17~CLP*092622947A*1*150*54.89*30.16*MB*0813142014060*11~NM1*QC*1*MCGUINNESS*JUDITH****HN*092622947A~MOA***MA01~DTM*050*20130522~SVC*HC:90834*150*54.89**1~DTM*472*20130502~CAS*CO*45*63.83**223*1.12~CAS*PR*2*14**122*16.16~REF*6R*LX#01~REF*LU*11~AMT*B6*86.17~CLP*139762323 A*1*150*54.89*30.16*MB*0813142014070*11~NM1*QC*1*STAFFORD*JAMES****HN*139762323A~MOA***MA01~DTM*050*20130522~SVC*HC:90834*150*54.89**1~DTM*472*20130507~CAS*CO*45*63.83**223*1.12~CAS*PR*2*14**122*16.16~REF*6R*LX#01~REF*LU*11~AMT*B6*86.17~CLP*135405190 A*19*300*109.78*60.32*MB*0813142014080*11~NM1*QC*1*ZABOROWSKI*RAYMOND*T***HN*135405190A~NM1*TT*2*NJ DEPT. OF HUMAN SERVICES*****PI*70078~MOA***MA01*MA07~DTM*050*20130522~SVC*HC:90834*150*54.89**1~DTM*472*20130501~CAS*CO*45*63.83**223*1.12~CAS*PR*2*14**122*16.16~REF*6R*LX#01~REF*LU*11~AMT*B6*86.17~SVC*HC:90834*150*54.89**1~DTM*472*20130508~CAS*CO*45*63.83**223*1.12~CAS*PR*2*14**122*16.16~REF*6R*LX#02~REF*LU*11~AMT*B6*86.17~SE*218*0002~ST*835*0003~BPR*I*411.7*C*ACH*CCP*01*081517693*DA*152302017073*1205296137**01*231372691*DA*0181143836*20130620~TRN*1*885657882*1205296137~REF*EV*1929361~DTM*405*20130619~N1*PR*NOVITAS SOLUTIONS, INC.~N3*PO BOX 890031~N4*CAMP HILL*PA*170890031~REF*2U*12402~PER*CX**TE*8772358073~PER*BL*NOVITAS SOLUTIONS, INC. EDI SERVICES*TE*8772358073*EX*1*EM*WEBSITEEDI@NOVITAS_SOLUTIONS.COM~N1*PE*MAUREEN WIESE WAIBEL  CSW*XX*1902991391~N3*800 RARITAN ROAD~N4*CLARK*NJ*070661710~REF*TJ*262135919~LX*1~CLP*143342949A*19*250*82.34*45.24*MB*0813142013810*11~NM1*QC*1*COSQUER*DOLORES****HN*143342949A~NM1*TT*2*HORIZON BCBS OF NEW JERSEY*****PI*00019~MOA***MA01*MA18~DTM*050*20130522~SVC*HC:90834*125*41.17**1~DTM*472*20130507~CAS*CO*45*60.37**223*0.84~CAS*PR*2*10.5**122*12.12~REF*6R*LX#01~REF*LU*11~AMT*B6*64.63~SVC*HC:90834*125*41.17**1~DTM*472*20130515~CAS*CO*45*60.37**223*0.84~CAS*PR*2*10.5**122*12.12~REF*6R*LX#02~REF*LU*11~AMT*B6*64.63~CLP*152249968A*19*125*41.17*22.62*MB*0813142013820*11~NM1*QC*1*FETICS*MARY****HN*152249968A~NM1*TT*2*UNITEDHEALTH GROUP*****PI*30002~MOA***MA01*MA18~DTM*050*20130522~SVC*HC:90834*125*41.17**1~DTM*472*20130514~CAS*CO*45*60.37**223*0.84~CAS*PR*2*10.5**122*12.12~REF*6R*LX#01~REF*LU*11~AMT*B6*64.63~CLP*135849111A*1*375*123.51*67.86*MB*0813142013830*11~NM1*QC*1*GANNON*KIMBERLY****HN*135849111A~MOA***MA01~DTM*050*20130522~SVC*HC:90834*125*41.17**1~DTM*472*20130501~CAS*CO*45*60.37**223*0.84~CAS*PR*2*10.5**122*12.12~REF*6R*LX#01~REF*LU*11~AMT*B6*64.63~SVC*HC:90834*125*41.17**1~DTM*472*20130506~CAS*CO*45*60.37**223*0.84~CAS*PR*2*10.5**122*12.12~REF*6R*LX#02~REF*LU*11~AMT*B6*64.63~SVC*HC:90834*125*41.17**1~DTM*472*20130508~CAS*CO*45*60.37**223*0.84~CAS*PR*2*10.5**122*12.12~REF*6R*LX#03~REF*LU*11~AMT*B6*64.63~CLP*157662010 A*1*250*82.34*45.24*MB*0813142013840*11~NM1*QC*1*LIPARI*BARBARA****HN*157662010A~MOA***MA01~DTM*050*20130522~SVC*HC:90834*125*41.17**1~DTM*472*20130506~CAS*CO*45*60.37**223*0.84~CAS*PR*2*10.5**122*12.12~REF*6R*LX#01~REF*LU*11~AMT*B6*64.63~SVC*HC:90834*125*41.17**1~DTM*472*20130513~CAS*CO*45*60.37**223*0.84~CAS*PR*2*10.5**122*12.12~REF*6R*LX#02~REF*LU*11~AMT*B6*64.63~CLP*145468664 A*19*125*41.17*22.62*MB*0813142013850*11~NM1*QC*1*SHOE-EZELL*ELAINE*N***HN*145468664A~NM1*TT*2*ANTHEM NATIONAL BCBS OHIO CTRL*****PI*00131~MOA***MA01*MA18~DTM*050*20130522~SVC*HC:90834*125*41.17**1~DTM*472*20130507~CAS*CO*45*60.37**223*0.84~CAS*PR*2*10.5**122*12.12~REF*6R*LX#01~REF*LU*11~AMT*B6*64.63~CLP*137426725 A*19*125*41.17*22.62*MB*0813142013860*11~NM1*QC*1*TORRE*JOSEPH****HN*137426725A~NM1*TT*2*UNITEDHEALTH GROUP*****PI*30002~MOA***MA01*MA18~DTM*050*20130522~SVC*HC:90834*125*41.17**1~DTM*472*20130509~CAS*CO*45*60.37**223*0.84~CAS*PR*2*10.5**122*12.12~REF*6R*LX#01~REF*LU*11~AMT*B6*64.63~SE*115*0003~GE*3*144657492~IEA*1*144657492~
