ISA*00*          *00*          *ZZ*330897513      *ZZ*ASSOCIATEDBC   *130625*2043*^*00501*144825342*0*P*:~GS*HP*330897513*ASSOCIATEDBC*20130625*2043*144825342*X*005010X221A1~ST*835*0001~BPR*I*160.23*C*ACH*CCP*01*081517693*DA*152302017073*1205296137**01*021200339*DA*381006409421*20130621~TRN*1*885665185*1205296137~REF*EV*1929361~DTM*405*20130620~N1*PR*NOVITAS SOLUTIONS, INC.~N3*PO BOX 890031~N4*CAMP HILL*PA*170890031~REF*2U*12402~PER*CX**TE*8772358073~PER*BL*NOVITAS SOLUTIONS, INC. EDI SERVICES*TE*8772358073*EX*1*EM*WEBSITEEDI@NOVITAS_SOLUTIONS.COM~N1*PE*CYNTHIA M. BRATMAN  CP*XX*1184788275~N3*SUITE 209*20 NASSAU ST~N4*PRINCETON*NJ*085424509~REF*TJ*200286572~LX*1~CLP*0*19*525*160.23*88.05*MB*0813143183280*11~NM1*QC*1*KUDRA*TARA****HN*194584895A~NM1*TT*2*COMMONWEALTH OF PENNSYLVANIA*****PI*70031~MOA***MA01*MA07~DTM*050*20130523~SVC*HC:90834*175*53.41**1~DTM*472*20130501~CAS*CO*45*91.15**223*1.09~CAS*PR*2*13.63**122*15.72~REF*6R*LX#01~REF*LU*11~AMT*B6*83.85~SVC*HC:90834*175*53.41**1~DTM*472*20130508~CAS*CO*45*91.15**223*1.09~CAS*PR*2*13.63**122*15.72~REF*6R*LX#02~REF*LU*11~AMT*B6*83.85~SVC*HC:90834*175*53.41**1~DTM*472*20130510~CAS*CO*45*91.15**223*1.09~CAS*PR*2*13.63**122*15.72~REF*6R*LX#03~REF*LU*11~AMT*B6*83.85~SE*43*0001~ST*835*0002~BPR*H*0*C*NON************20130621~TRN*1*358739805*1205296137~REF*EV*1929361~DTM*405*20130620~N1*PR*NOVITAS SOLUTIONS, INC.~N3*PO BOX 890031~N4*CAMP HILL*PA*170890031~REF*2U*12402~PER*CX**TE*8772358073~PER*BL*NOVITAS SOLUTIONS, INC. EDI SERVICES*TE*8772358073*EX*1*EM*WEBSITEEDI@NOVITAS_SOLUTIONS.COM~N1*PE*MAUREEN WIESE WAIBEL  CSW*XX*1902991391~N3*800 RARITAN ROAD~N4*CLARK*NJ*070661710~REF*TJ*262135919~LX*1~CLP*154645920 A*2*125*0**MB*0713140255940*11~NM1*QC*1*KELLETKESSELM*M****HN*154645920A~NM1*PR*2*HORIZON HEALTHCARE OF NJ*****PI*06831~MOA***MA01~REF*6P*000090500~DTM*050*20130520~SVC*HC:90834*125*0**0**1~DTM*472*20130129~CAS*OA*22*125~REF*6R*LX#01~REF*LU*11~SE*28*0002~GE*2*144825342~IEA*1*144825342~
