ISA*00*          *00*          *ZZ*330897513      *ZZ*ASSOCIATEDBC   *130625*2043*U*00401*144825343*0*P*:~GS*HP*330897513*ASSOCIATEDBC*20130625*2043*144825343*X*004010X091A1~ST*835*0001~BPR*I*225*C*ACH*CCP*01*031100225*DA*2079950064280/*1220999690**01*231372691*DA*0181143836*20130620~TRN*1*0003783302*1220999690*8352013062104120778~REF*EV*1902991391~DTM*405*20130620~N1*PR*HORIZON BCBSNJ~N3*PAYOR ADDRESS 1~N4*NEWARK*NJ*071010420~REF*2U*22099~N1*PE*M M WIESE WAIBEL LCSW*XX*1902991391~N3*800 RARITAN RD~N4*CLARK*NJ*070661710~REF*PQ*2621359190~REF*TJ*262135919~LX*1~CLP*3HZN74465430*1*250*118*20*12*780271317014906   00**1~NM1*QC*1*DOHERTY*MARCELLE*N***MI*YHB3HZN74465430~NM1*IL*1*DOHERTY*DANIEL****MI*3HZN744654300~NM1*74*1*DOHERTY*DANIEL*J***C*3HZN744654300~NM1*82*2*M M WIESE WAIBEL LCSW*****XX*1902991391~DTM*050*20130619~DTM*232*20130604~DTM*233*20130613~PER*CX*NATIONAL ACCOUNTS SERVICED IN MT.LAUREL*TE*8006244758~AMT*AU*138~AMT*T2*118~SVC*HC:99199*125*59**1*HC:90834~DTM*472*20130604~CAS*PR*3*10~CAS*CO*45*56~REF*6R*2953HZN74465430~REF*HPI*1902991391~AMT*B6*69~SVC*HC:99199*125*59**1*HC:90834~DTM*472*20130613~CAS*PR*3*10~CAS*CO*45*56~REF*6R*2963HZN74465430~REF*HPI*1902991391~AMT*B6*69~CLP*3HZN28656930*1*250*58*20*12*780271317014366   00**1~NM1*QC*1*GWALDIS*LISA****MI*HBX3HZN28656930~NM1*82*2*M M WIESE WAIBEL LCSW*****XX*1902991391~DTM*050*20130619~DTM*232*20130606~DTM*233*20130606~PER*CX*NATIONAL ACCOUNTS SERVICED IN MT.LAUREL*TE*8006244758~AMT*AU*78~AMT*T2*58~SVC*HC:99199*250*58**1*HC:90791~DTM*472*20130606~CAS*PR*3*20~CAS*CO*45*172~REF*6R*3153HZN28656930~REF*HPI*1902991391~AMT*B6*78~CLP*3HZN61685920*1*125*49*20*12*780271317014903   00**1~NM1*QC*1*TAMASHAUSKY*LINDA*S***MI*3HZN616859200~NM1*74*1*TAMASHAUSKY*LINDA****C*YHI3HZN61685920~NM1*82*2*M M WIESE WAIBEL LCSW*****XX*1902991391~DTM*050*20130619~DTM*232*20130605~DTM*233*20130605~PER*CX*NATIONAL ACCOUNTS SERVICED IN MT.LAUREL*TE*8006244758~AMT*AU*69~AMT*T2*49~SVC*HC:99199*125*49**1*HC:90834~DTM*472*20130605~CAS*PR*3*20~CAS*CO*45*56~REF*6R*3483HZN61685920~REF*HPI*1902991391~AMT*B6*69~SE*74*0001~ST*835*0002~BPR*I*641.24*C*ACH*CCP*01*031100225*DA*2079950064280/*1220999690**01*231372691*DA*0181143836*20130621~TRN*1*0003790826*1220999690*8352013062203460812~REF*EV*1902991391~DTM*405*20130621~N1*PR*HORIZON BCBSNJ~N3*PAYOR ADDRESS 1~N4*NEWARK*NJ*071010420~REF*2U*22099~N1*PE*M M WIESE WAIBEL LCSW*XX*1902991391~N3*800 RARITAN RD~N4*CLARK*NJ*070661710~REF*PQ*2621359190~REF*TJ*262135919~LX*1~CLP*3HZN55672980*1*125*54*6*13*780271317006891   00**1~NM1*QC*1*BAKER DRUMMOND*ANASTACIA****MI*NJX3HZN55672980~NM1*IL*1*DRUMMOND*BERESFORD****MI*3HZN556729800~NM1*82*2*M M WIESE WAIBEL LCSW*****XX*1902991391~DTM*050*20130619~DTM*232*20130607~DTM*233*20130607~PER*CX*NJ DIRECT*TE*8006241110~AMT*AU*60~AMT*T2*54~SVC*HC:99199*125*54**1*HC:90834~DTM*472*20130607~CAS*PR*2*6~CAS*CO*45*65~REF*6R*2803HZN55672980~REF*HPI*1902991391~AMT*B6*60~CLP*3HZN71563020*1*125*50*10*13*780271317014908   00**1~NM1*QC*1*BONILLA*NANCY****MI*NJX3HZN71563020~NM1*82*2*M M WIESE WAIBEL LCSW*****XX*1902991391~DTM*050*20130619~DTM*232*20130604~DTM*233*20130604~PER*CX*NJ DIRECT*TE*8006241110~AMT*AU*60~AMT*T2*50~SVC*HC:99199*125*50**1*HC:90834~DTM*472*20130604~CAS*PR*3*10~CAS*CO*45*65~REF*6R*2843HZN71563020~REF*HPI*1902991391~AMT*B6*60~CLP*3HZN85261690*1*250*90*30*13*780261317076722   00**1~NM1*QC*1*CORNWELL*ELIZABETH****MI*3HZN852616900~NM1*74*1*CORNWELL*ELIZABETH*H***C*NJX3HZN85261690~NM1*82*2*M M WIESE WAIBEL LCSW*****XX*1902991391~DTM*050*20130619~DTM*232*20130603~DTM*233*20130610~PER*CX*NJ DIRECT*TE*8006241110~AMT*AU*120~AMT*T2*90~SVC*HC:99199*125*45**1*HC:90834~DTM*472*20130603~CAS*PR*3*15~CAS*CO*45*65~REF*6R*2863HZN85261690~REF*HPI*1902991391~AMT*B6*60~SVC*HC:99199*125*45**1*HC:90834~DTM*472*20130610~CAS*PR*3*15~CAS*CO*45*65~REF*6R*2873HZN85261690~REF*HPI*1902991391~AMT*B6*60~CLP*3HZN77593920*1*375*150*30*13*780271317007121   00**1~NM1*QC*1*DANIELSON*CHRISTINE****MI*NJX3HZN77593920~NM1*IL*1*FAUGHNAN*RICHARD****MI*3HZN775939201~NM1*74*1*FAUGHNAN*RICHARD*F***C*3HZN775939201~NM1*82*2*M M WIESE WAIBEL LCSW*****XX*1902991391~DTM*050*20130619~DTM*232*20130603~DTM*233*20130612~PER*CX*NJ DIRECT*TE*8006241110~AMT*AU*180~AMT*T2*150~SVC*HC:99199*125*50**1*HC:90834~DTM*472*20130603~CAS*PR*3*10~CAS*CO*45*65~REF*6R*2893HZN77593920~REF*HPI*1902991391~AMT*B6*60~SVC*HC:99199*125*50**1*HC:90834~DTM*472*20130610~CAS*PR*3*10~CAS*CO*45*65~REF*6R*2903HZN77593920~REF*HPI*1902991391~AMT*B6*60~SVC*HC:99199*125*50**1*HC:90834~DTM*472*20130612~CAS*PR*3*10~CAS*CO*45*65~REF*6R*2913HZN77593920~REF*HPI*1902991391~AMT*B6*60~CLP*3HZN36191530*1*125*45*15*13*780271317005838   00**1~NM1*QC*1*LENAHAN*MEAGHAN****MI*3HZN361915300~NM1*74*1*LENAHAN*MEAGHAN*M***C*NJX3HZN36191530~NM1*82*2*M M WIESE WAIBEL LCSW*****XX*1902991391~DTM*050*20130619~DTM*232*20130606~DTM*233*20130606~PER*CX*NJ DIRECT*TE*8006241110~AMT*AU*60~AMT*T2*45~SVC*HC:99199*125*45**1*HC:90834~DTM*472*20130606~CAS*PR*3*15~CAS*CO*45*65~REF*6R*3213HZN36191530~REF*HPI*1902991391~AMT*B6*60~CLP*3HZN15469020*1*125*45*15*13*780271317006887   00**1~NM1*QC*1*MONDI*NICHOL****MI*NJX3HZN15469020~NM1*IL*1*MONDI*FREDERICK****MI*3HZN154690200~NM1*74*1*MONDI*FREDERICK*B***C*3HZN154690200~NM1*82*2*M M WIESE WAIBEL LCSW*****XX*1902991391~DTM*050*20130619~DTM*232*20130610~DTM*233*20130610~PER*CX*NJ DIRECT*TE*8006241110~AMT*AU*60~AMT*T2*45~SVC*HC:99199*125*45**1*HC:90834~DTM*472*20130610~CAS*PR*3*15~CAS*CO*45*65~REF*6R*3293HZN15469020~REF*HPI*1902991391~AMT*B6*60~CLP*156221503A*1*250*45.24**15*780271317169850   00**1~NM1*QC*1*KISSACK*JEAN*E***MI*3HZN65520960~NM1*82*2*M M WIESE WAIBEL LCSW*****XX*1902991391~DTM*050*20130620~DTM*232*20130108~DTM*233*20130115~PER*CX*MEDIGAP PLAN C 933*TE*8006241110~AMT*AU*129.26~AMT*T2*45.24~SVC*HC:99199*125*22.62**1*HC:90834~DTM*472*20130108~CAS*OA*23*102.38~REF*6R*LX#01~REF*HPI*1902991391~AMT*B6*64.63~SVC*HC:99199*125*22.62**1*HC:90834~DTM*472*20130115~CAS*OA*23*102.38~REF*6R*LX#02~REF*HPI*1902991391~AMT*B6*64.63~CLP*3HZN56316950*1*250*108*30*12*780271317006890   00**1~NM1*QC*1*DUFFY*JULIE****MI*3HZN563169500~NM1*74*1*DUFFY*JULIE*A***C*YHB3HZN56316950~NM1*82*2*M M WIESE WAIBEL LCSW*****XX*1902991391~DTM*050*20130619~DTM*232*20130607~DTM*233*20130614~PER*CX*NATIONAL ACCOUNTS SERVICED IN MT.LAUREL*TE*8006244758~AMT*AU*138~AMT*T2*108~SVC*HC:99199*125*54**1*HC:90834~DTM*472*20130607~CAS*PR*3*15~CAS*CO*45*56~REF*6R*2983HZN56316950~REF*HPI*1902991391~AMT*B6*69~SVC*HC:99199*125*54**1*HC:90834~DTM*472*20130614~CAS*PR*3*15~CAS*CO*45*56~REF*6R*2993HZN56316950~REF*HPI*1902991391~AMT*B6*69~CLP*3HZN14345840*1*125*54*15*12*780261317088697   00**1~NM1*QC*1*GREFFER*CHANTAL****MI*3HZN143458400~NM1*74*1*GREFFER*CHANTAL*M***C*YHB3HZN14345840~NM1*82*2*M M WIESE WAIBEL LCSW*****XX*1902991391~DTM*050*20130619~DTM*232*20130603~DTM*233*20130603~PER*CX*NATIONAL ACCOUNTS SERVICED IN MT.LAUREL*TE*8006244758~AMT*AU*69~AMT*T2*54~SVC*HC:99199*125*54**1*HC:90834~DTM*472*20130603~CAS*PR*3*15~CAS*CO*45*56~REF*6R*3143HZN14345840~REF*HPI*1902991391~AMT*B6*69~SE*202*0002~ST*835*0003~BPR*I*186*C*ACH*CCP*01*031100225*DA*2079950064280/*1220999690**01*231372691*DA*0181143836*20130622~TRN*1*0003798232*1220999690*8352013062317130781~REF*EV*1902991391~DTM*405*20130622~N1*PR*HORIZON BCBSNJ~N3*PAYOR ADDRESS 1~N4*NEWARK*NJ*071010420~REF*2U*22099~N1*PE*M M WIESE WAIBEL LCSW*XX*1902991391~N3*800 RARITAN RD~N4*CLARK*NJ*070661710~REF*PQ*2621359190~REF*TJ*262135919~LX*1~CLP*715868313*1*125*44*25*12*780271317014905   00**1~NM1*QC*1*KARDOS*LISA****MI*SKQAN4254520~NM1*82*2*M M WIESE WAIBEL LCSW*****XX*1902991391~DTM*050*20130619~DTM*232*20130606~DTM*233*20130606~AMT*AU*69~AMT*T2*44~SVC*HC:99199*125*44**1*HC:90834~DTM*472*20130606~CAS*PR*3*25~CAS*CO*45*56~REF*6R*317715868313~REF*HPI*1902991391~AMT*B6*69~CLP*ROQ5052733500*1*125*44*25*12*780271317006888   00**1~NM1*QC*1*KOVATCH*LISA****MI*ROQ5052733500~NM1*82*2*M M WIESE WAIBEL LCSW*****XX*1902991391~DTM*050*20130619~DTM*232*20130605~DTM*233*20130605~AMT*AU*69~AMT*T2*44~SVC*HC:99199*125*44**1*HC:90834~DTM*472*20130605~CAS*PR*3*25~CAS*CO*45*56~REF*6R*318ROQ5052733500~REF*HPI*1902991391~AMT*B6*69~CLP*DZVAN4492387*1*125*49*20*12*780271317005583   00**1~NM1*QC*1*PRIBUSH*KATHLEEN****MI*DZVAN4492387~NM1*IL*1*PRIBUSH*JEFF****MI*DZVAN4492387~NM1*82*2*M M WIESE WAIBEL LCSW*****XX*1902991391~DTM*050*20130619~DTM*232*20130612~DTM*233*20130612~AMT*AU*69~AMT*T2*49~SVC*HC:99199*125*49**1*HC:90834~DTM*472*20130612~CAS*PR*3*20~CAS*CO*45*56~REF*6R*337DZVAN4492387~REF*HPI*1902991391~AMT*B6*69~CLP*715868331*1*125*49*20*12*780271317006886   00**1~NM1*QC*1*RABADEAU*KATHLEEN****MI*DZVAN4490966~NM1*82*2*M M WIESE WAIBEL LCSW*****XX*1902991391~DTM*050*20130619~DTM*232*20130604~DTM*233*20130604~AMT*AU*69~AMT*T2*49~SVC*HC:99199*125*49**1*HC:90834~DTM*472*20130604~CAS*PR*3*20~CAS*CO*45*56~REF*6R*338715868331~REF*HPI*1902991391~AMT*B6*69~SE*77*0003~ST*835*0004~BPR*I*49*C*CHK************20130621~TRN*1*154919802*1220999690*22099~DTM*405*20130621~N1*PR*HORIZON BCBSNJ~N3*3 PENN PLAZA~N4*NEWARK*NJ*071010420~REF*2U*22099~PER*CX**TE*8883349242~N1*PE*M M WIESE WAIBEL LCSW*XX*1902991391~N3*800 RARITAN ROAD~N4*CLARK*NJ*070661710~REF*TJ*262135919~LX*1~CLP*R58027107*1*125*49*20*12*27131701436500780*11*1~NM1*QC*1*MULLIGAN*CHERYL****MI*R58027107~NM1*IL*1*MULLIGAN*THOMAS****MI*R58027107~DTM*050*20130619~DTM*232*20130605~AMT*AU*69~SVC*HC:90834*125*49**1~DTM*472*20130605~CAS*PR*2*20~CAS*CO*45*56~REF*6R*331R58027107~AMT*B6*69~SE*27*0004~GE*4*144825343~IEA*1*144825343~
