ISA*00*          *00*          *ZZ*330897513      *ZZ*ASSOCIATEDBC   *130627*0658*^*00501*145012736*0*P*:~GS*HP*330897513*ASSOCIATEDBC*20130627*0658*145012736*X*005010X221A1~ST*835*0001~BPR*I*70*C*CHK************20130625~TRN*1*255822257*1591031071~REF*EV*870426777~REF*F2*1~DTM*405*20130626~N1*PR*CIGNA HEALTH AND LIFE INSURANCE COMPANY~N3*P.O. BOX 182223~N4*CHATTANOOGA*TN*374227223~PER*BL*HP*EM*CLAIMS.INTAKE.APP.SUPPORT@HP.COM~PER*IC**UR*WWW.CIGNAFORHCP.COM~N1*PE*DEBRA D CHATMAN-FINLEY MS*XX*1346469632~N3*134 W END AVE # 2~N4*SOMERVILLE*NJ*088761816~REF*TJ*264224733~LX*1~CLP*0*1*140*70**13*8431317590932*11*1~NM1*QC*1*ZAMBRI*RANDEE****MI*U4283979101~NM1*74*1*ZAMBRI*RANDEE****C*146503691~NM1*82*1*CHATMAN-FINLEY*DEBRA*D***FI*264224733~REF*1L*2498647~REF*CE*OPEN ACCESS PLUS~DTM*050*20130624~DTM*232*20130611~DTM*233*20130611~PER*CX*MEMBER SERVICES*TE*8002446224~AMT*AU*70~SVC*HC:90834*140*70**1~CAS*CO*45*70~REF*HPI*1346469632~AMT*B6*70~SE*32*0001~GE*1*145012736~IEA*1*145012736~
