ISA*00*          *00*          *ZZ*330897513      *ZZ*ASSOCIATEDBC   *130627*2352*^*00501*145143826*0*P*:~GS*HP*330897513*ASSOCIATEDBC*20130627*2352*145143826*X*005010X221A1~ST*835*0001~BPR*I*142.36*C*ACH*CCP*01*021200025*DA*2000012995156*1216000928*021200025*01*221283512*DA*95665700570381*20130628~TRN*1*3AG060665*1216000928*021200025~REF*EV*9904204~DTM*405*20130621~N1*PR*NEW JERSEY MEDICAID~N3*3705 QUAKERBRIDGE ROAD, SUITE 101~N4*TRENTON*NJ*086191288~PER*CX*NEW JERSEY MEDICAID PROVIDER SERVICES*TE*8007766334~PER*BL*NEW JERSEY EDI UNIT*TE*6095886051*EM*NJMMISEDI@MOLINAHEALTHCARE.COM*FX*6095848268~PER*IC**UR*WWW.NJMMIS.COM~N1*PE*WAY          KAREN      GPHD*XX*1477603942~REF*PQ*0225177~REF*TJ*008388097~LX*1~CLP*123035462701*4*150*0**MC*201308054655901-06080464*11*1~NM1*QC*1*DIX-MOON*KIMBERLI****MR*123035462701~DTM*232*20130301~DTM*233*20130301~SVC*HC:90834*150*0~DTM*472*20130301~CAS*OA*16*150~REF*6R*113123035462701~LQ*HE*N29~CLP*123035462701*4*150*0**MC*201308054655902-06080464*11*1~NM1*QC*1*DIX-MOON*KIMBERLI****MR*123035462701~DTM*232*20130305~DTM*233*20130305~SVC*HC:90834*150*0~DTM*472*20130305~CAS*OA*16*150~REF*6R*114123035462701~LQ*HE*N29~CLP*233057655620*2*150*71.18**MC*201316510147601-0302125816250976*11~NM1*QC*1*BRIAN*C****MR*233057655620~DTM*232*20130418~DTM*233*20130418~AMT*AU*71.18~SVC*HC:90806*150*71.18**1**0~DTM*472*20130418~CAS*CO*23*71.18**45*7.64~AMT*B6*71.18~LQ*HE*MA21~LQ*HE*N45~LQ*HE*M58~LQ*HE*M86~CLP*233057655620*2*150*71.18**MC*201316510147602-0302125816250976*11~NM1*QC*1*BRIAN*C****MR*233057655620~DTM*232*20130425~DTM*233*20130425~AMT*AU*71.18~SVC*HC:90806*150*71.18**1**0~DTM*472*20130425~CAS*CO*23*71.18**45*7.64~AMT*B6*71.18~LQ*HE*MA21~LQ*HE*N45~LQ*HE*M58~LQ*HE*M86~CLP*233057655620*4*150*0**MC*201316510147603-030212580762*11~NM1*QC*1*BRIAN*C****MR*233057655620~DTM*232*20130510~DTM*233*20130510~SVC*HC:90806*150*0~DTM*472*20130510~CAS*OA*16*150~AMT*B6*71.18~LQ*HE*MA21~LQ*HE*N45~LQ*HE*N14~SE*71*0001~GE*1*145143826~IEA*1*145143826~
