ISA*00*          *00*          *ZZ*330897513      *ZZ*ASSOCIATEDBC   *130627*2352*U*00401*145143828*0*P*:~GS*HP*330897513*ASSOCIATEDBC*20130627*2352*145143828*X*004010X091A1~ST*835*0001~BPR*I*25.24*C*ACH*CCP*01*031100225*DA*2079950064280/*1220999690**01*231372691*DA*0181143836*20130625~TRN*1*0003805690*1220999690*8352013062603390803~REF*EV*1902991391~DTM*405*20130625~N1*PR*HORIZON BCBSNJ~N3*PAYOR ADDRESS 1~N4*NEWARK*NJ*071010420~REF*2U*22099~N1*PE*M M WIESE WAIBEL LCSW*XX*1902991391~N3*800 RARITAN RD~N4*CLARK*NJ*070661710~REF*PQ*2621359190~REF*TJ*262135919~LX*1~CLP*143342949A*2*250*25.24*20*13*780261317389253   00**1~NM1*QC*1*COSQUER*DOLORES****MI*3HZN22671350~NM1*82*2*M M WIESE WAIBEL LCSW*****XX*1902991391~DTM*050*20130622~DTM*232*20130507~DTM*233*20130515~PER*CX*NJ DIRECT*TE*8006241110~AMT*AU*127.58~AMT*T2*25.24~SVC*HC:99199*125*12.62**1*HC:90834~DTM*472*20130507~CAS*PR*3*10~CAS*OA*23*102.38~REF*6R*LX#01~REF*HPI*1902991391~AMT*B6*63.79~SVC*HC:99199*125*12.62**1*HC:90834~DTM*472*20130515~CAS*PR*3*10~CAS*OA*23*102.38~REF*6R*LX#02~REF*HPI*1902991391~AMT*B6*63.79~SE*39*0001~GE*1*145143828~IEA*1*145143828~
