ISA*00*          *00*          *ZZ*330897513      *ZZ*ASSOCIATEDBC   *130701*1955*U*00401*145481406*0*P*:~GS*HP*330897513*ASSOCIATEDBC*20130701*1955*145481406*X*004010X091A1~ST*835*0001~BPR*I*40*C*ACH*CCP*01*031100225*DA*2079950064280/*1220999690**01*231372691*DA*0181143836*20130628~TRN*1*0003827927*1220999690*8352013062908110807~REF*EV*1902991391~DTM*405*20130628~N1*PR*HORIZON BCBSNJ~N3*PAYOR ADDRESS 1~N4*NEWARK*NJ*071010420~REF*2U*22099~N1*PE*M M WIESE WAIBEL LCSW*XX*1902991391~N3*800 RARITAN RD~N4*CLARK*NJ*070661710~REF*PQ*2621359190~REF*TJ*262135919~LX*1~CLP*3HZN96735280*1*250*40*98*15*780271317863486   00**1~NM1*QC*1*MENDEZ*ERIKA****MI*3HZN96735280~NM1*IL*1*MENDEZ*JUAN*C***MI*3HZN967352800~NM1*82*2*M M WIESE WAIBEL LCSW*****XX*1902991391~DTM*050*20130603~DTM*232*20130411~DTM*233*20130424~PER*CX*NATIONAL ACCOUNTS SERVICED IN MT.LAUREL*TE*8006244758~AMT*AU*138~AMT*T2*40~SVC*HC:99199*125*20**1*HC:90834~DTM*472*20130411~CAS*PR*204*49~CAS*CO*45*16~CAS*OA*204*40~REF*6R*000001~REF*HPI*1902991391~AMT*B6*69~SVC*HC:99199*125*20**1*HC:90834~DTM*472*20130424~CAS*PR*204*49~CAS*CO*45*16~CAS*OA*204*40~REF*6R*000002~REF*HPI*1902991391~AMT*B6*69~SE*42*0001~GE*1*145481406~IEA*1*145481406~
