ISA*00*          *00*          *ZZ*330897513      *ZZ*ASSOCIATEDBC   *130702*1037*^*00501*145550406*0*P*:~GS*HP*330897513*ASSOCIATEDBC*20130702*1037*145550406*X*005010X221A1~ST*835*0001~BPR*I*51.79*C*CHK************20130628~TRN*1*987068457*1591031071~REF*EV*870426777~REF*F2*1~DTM*405*20130629~N1*PR*CIGNA HEALTH AND LIFE INSURANCE COMPANY~N3*P. O. BOX 182223~N4*CHATTANOOGA*TN*374227223~PER*BL*HP*EM*CLAIMS.INTAKE.APP.SUPPORT@HP.COM~PER*IC**UR*WWW.CIGNAFORHCP.COM~N1*PE*LAURA DEMARZO PHD EDD*XX*1457686560~N3*491 AMWELL RD # 103~N4*HILLSBOROUGH*NJ*088448212~REF*TJ*263895688~LX*1~CLP*0*1*175*51.79*22.19*13*9651316590720*11*1~NM1*QC*1*HATCHER*DANIEL*W***MI*U0900203203~NM1*IL*1*MCDONNELL*ROBERT****MI*U0900203201~NM1*82*1*DEMARZO*LAURA****FI*263895688~REF*1L*3203576~REF*9A*444316693~REF*CE*OPEN ACCESS PLUS~DTM*050*20130614~DTM*232*20130604~DTM*233*20130604~PER*CX*MEMBER SERVICES*TE*8002446224~AMT*AU*73.98~SVC*HC:90834*175*51.79**1~CAS*CO*45*101.02~CAS*PR*2*22.19~REF*HPI*1255372603~AMT*B6*73.98~SE*34*0001~GE*1*145550406~IEA*1*145550406~
