ISA*00*          *00*          *ZZ*330897513      *ZZ*ASSOCIATEDBC   *130704*2316*U*00401*145877798*0*P*:~GS*HP*330897513*ASSOCIATEDBC*20130704*2316*145877798*X*004010X091A1~ST*835*0001~BPR*I*190*C*ACH*CCP*01*031100225*DA*2079950064280/*1220999690**01*231372691*DA*0181143836*20130702~TRN*1*0003842685*1220999690*8352013070303130770~REF*EV*1902991391~DTM*405*20130702~N1*PR*HORIZON BCBSNJ~N3*PAYOR ADDRESS 1~N4*NEWARK*NJ*071010420~REF*2U*22099~N1*PE*M M WIESE WAIBEL LCSW*XX*1902991391~N3*800 RARITAN RD~N4*CLARK*NJ*070661710~REF*PQ*2621359190~REF*TJ*262135919~LX*1~CLP*3HZN04240760*1*125*10*50*13*780271317007119   00**1~NM1*QC*1*RICKERT*SUSAN*M***MI*JGV3HZN04240760~NM1*IL*1*RICKERT*WILLIAM*L***MI*3HZN042407600~NM1*82*2*M M WIESE WAIBEL LCSW*****XX*1902991391~DTM*050*20130619~DTM*232*20130604~DTM*233*20130604~PER*CX*ADVANTAGE EPO CAP*TE*8886662535~AMT*AU*60~AMT*T2*10~SVC*HC:99199*125*10**1*HC:90834~DTM*472*20130604~CAS*PR*3*50~CAS*CO*45*65~REF*6R*3393HZN04240760~REF*HPI*1902991391~AMT*B6*60~CLP*3HZN03939260*1*250*90*30*13*780271317006884   00**1~NM1*QC*1*SOMERS*ELAINE****MI*YHQ3HZN03939260~NM1*IL*1*SOMERS*ROBERT****MI*3HZN039392600~NM1*82*2*M M WIESE WAIBEL LCSW*****XX*1902991391~DTM*050*20130619~DTM*232*20130607~DTM*233*20130614~PER*CX*HORIZON BLUE CROSS BLUE SHIELD OF NEW JERSEY DIRECT ACCESS*TE*8006241110~AMT*AU*120~AMT*T2*90~SVC*HC:99199*125*45**1*HC:90834~DTM*472*20130607~CAS*PR*3*15~CAS*CO*45*65~REF*6R*3443HZN03939260~REF*HPI*1902991391~AMT*B6*60~SVC*HC:99199*125*45**1*HC:90834~DTM*472*20130614~CAS*PR*3*15~CAS*CO*45*65~REF*6R*3453HZN03939260~REF*HPI*1902991391~AMT*B6*60~CLP*HSE3HZN634446*1*125*35*25*13*780261317076719   00**1~NM1*QC*1*GRANT*MACY****MI*HSE3HZN63444600~NM1*IL*1*MOUNT*TIMOTHY****MI*3HZN634446000~NM1*74*1*MOUNT*TIMOTHY*S***C*3HZN634446000~NM1*82*2*M M WIESE WAIBEL LCSW*****XX*1902991391~DTM*050*20130619~DTM*232*20130605~DTM*233*20130605~PER*CX*NATIONAL ACCOUNTS POS*TE*8006244758~AMT*AU*60~AMT*T2*35~SVC*HC:99199*125*35**1*HC:90834~DTM*472*20130605~CAS*PR*3*25~CAS*CO*45*65~REF*6R*312HSE3HZN634446~REF*HPI*1902991391~AMT*B6*60~CLP*3HZN69937170*1*125*35*25*13*780261317076721   00**1~NM1*QC*1*ORSINI*SUSAN*J***MI*HEF3HZN69937170~NM1*IL*1*ORSINI*NICHOLAS****MI*3HZN699371700~NM1*74*1*ORSINI*NICHOLAS*R***C*3HZN699371700~NM1*82*2*M M WIESE WAIBEL LCSW*****XX*1902991391~DTM*050*20130619~DTM*232*20130603~DTM*233*20130603~PER*CX*NATIONAL ACCOUNTS POS*TE*8006244758~AMT*AU*60~AMT*T2*35~SVC*HC:99199*125*35**1*HC:90834~DTM*472*20130603~CAS*PR*3*25~CAS*CO*45*65~REF*6R*3323HZN69937170~REF*HPI*1902991391~AMT*B6*60~CLP*3HZN89299890*1*125*20*40*13*780271317005582   00**1~NM1*QC*1*SHAH*ROSEMARIE****MI*YHX3HZN89299890~NM1*IL*1*SHAH*HR****MI*3HZN892998900~NM1*74*1*SHAH*HASMUKH*R***C*3HZN892998900~NM1*82*2*M M WIESE WAIBEL LCSW*****XX*1902991391~DTM*050*20130619~DTM*232*20130607~DTM*233*20130607~PER*CX*NATIONAL ACCOUNTS POS*TE*8006244758~AMT*AU*60~AMT*T2*20~SVC*HC:99199*125*20**1*HC:90834~DTM*472*20130607~CAS*PR*3*40~CAS*CO*45*65~REF*6R*3403HZN89299890~REF*HPI*1902991391~AMT*B6*60~SE*111*0001~GE*1*145877798~IEA*1*145877798~
