ISA*00*          *00*          *ZZ*330897513      *ZZ*ASSOCIATEDBC   *130704*1018*^*00501*145833551*0*P*:~GS*HP*330897513*ASSOCIATEDBC*20130704*1018*145833551*X*005010X221A1~ST*835*0001~BPR*I*385.35*C*ACH*CCP*01*081517693*DA*152302017073*1205296137**01*221272303*DA*3010001018*20130702~TRN*1*885697999*1205296137~REF*EV*1929361~DTM*405*20130701~N1*PR*NOVITAS SOLUTIONS, INC.~N3*PO BOX 890031~N4*CAMP HILL*PA*170890031~REF*2U*12402~PER*CX**TE*8772358073~PER*BL*NOVITAS SOLUTIONS, INC. EDI SERVICES*TE*8772358073*EX*1*EM*WEBSITEEDI@NOVITAS_SOLUTIONS.COM~N1*PE*MAUREEN J. HUDAK  CP*XX*1013063346~N3*SUITE 2A*47 RARITAN AVE~N4*HIGHLAND PARK*NJ*089042440~REF*TJ*142460069~LX*1~CLP*156801936 A*19*450*164.67*90.48*MB*0813154009510*11~NM1*QC*1*MARIANO*MELISSA****HN*156801936A~NM1*TT*2*COMMONWEALTH OF PENNSYLVANIA*****PI*70031~MOA***MA01*MA07~DTM*050*20130603~SVC*HC:90834*150*54.89**1~DTM*472*20130501~CAS*CO*45*63.83**223*1.12~CAS*PR*2*14**122*16.16~REF*6R*LX#01~REF*LU*11~AMT*B6*86.17~SVC*HC:90834*150*54.89**1~DTM*472*20130508~CAS*CO*45*63.83**223*1.12~CAS*PR*2*14**122*16.16~REF*6R*LX#02~REF*LU*11~AMT*B6*86.17~SVC*HC:90834*150*54.89**1~DTM*472*20130514~CAS*CO*45*63.83**223*1.12~CAS*PR*2*14**122*16.16~REF*6R*LX#03~REF*LU*11~AMT*B6*86.17~CLP*136647622A*2*450*164.67*90.48*MB*0713154004370*11~NM1*QC*1*PETIT*BERNADETT****HN*136647622A~MOA***MA01~DTM*050*20130603~SVC*HC:90834*150*54.89**1~DTM*472*20130403~CAS*CO*45*63.83**223*1.12~CAS*OA*23*82.5**23*-82.5~CAS*PR*2*14**122*16.16~REF*6R*LX#01~REF*LU*11~AMT*B6*86.17~SVC*HC:90834*150*54.89**1~DTM*472*20130410~CAS*CO*45*63.83**223*1.12~CAS*OA*23*82.5**23*-82.5~CAS*PR*2*14**122*16.16~REF*6R*LX#02~REF*LU*11~AMT*B6*86.17~SVC*HC:90834*150*54.89**1~DTM*472*20130417~CAS*CO*45*63.83**223*1.12~CAS*OA*23*82.5**23*-82.5~CAS*PR*2*14**122*16.16~REF*6R*LX#03~REF*LU*11~AMT*B6*86.17~CLP*136647622A*2*150*56.01*30.16*MB*0713154004380*11~NM1*QC*1*PETIT*BERNADETT****HN*136647622A~MOA***MA01~DTM*050*20130603~SVC*HC:90834*150*56.01**1~DTM*472*20130130~CAS*CO*45*63.83~CAS*PR*2*14**122*16.16~REF*6R*LX#01~REF*LU*11~AMT*B6*86.17~SE*82*0001~ST*835*0002~BPR*I*494.04*C*ACH*CCP*01*081517693*DA*152302017073*1205296137**01*221271935*DA*023856318*20130702~TRN*1*885694711*1205296137~REF*EV*1929361~DTM*405*20130701~N1*PR*NOVITAS SOLUTIONS, INC.~N3*PO BOX 890031~N4*CAMP HILL*PA*170890031~REF*2U*12402~PER*CX**TE*8772358073~PER*BL*NOVITAS SOLUTIONS, INC. EDI SERVICES*TE*8772358073*EX*1*EM*WEBSITEEDI@NOVITAS_SOLUTIONS.COM~N1*PE*NANCY J. SAXTON LOPEZ  CSW*XX*1053490193~N3*SUITE 3C*6 PROSPECT STREET~N4*MIDLAND PARK*NJ*074321634~REF*TJ*096386775~LX*1~CLP*0*19*125*41.17*22.62*MB*0813154087510*11~NM1*QC*1*BAUER JR*WALTER*J***HN*146286708A~NM1*TT*2*HORIZON BCBS OF NEW JERSEY*****PI*00019~MOA***MA01*MA18~DTM*050*20130603~SVC*HC:90834*125*41.17**1~DTM*472*20130515~CAS*CO*45*60.37**223*0.84~CAS*PR*2*10.5**122*12.12~REF*6R*LX#01~REF*LU*11~AMT*B6*64.63~CLP*NANCY SAXT0N*19*125*41.17*22.62*MB*0813154087540*11~NM1*QC*1*BAUER JR*WALTER*J***HN*146286708A~NM1*TT*2*HORIZON BCBS OF NEW JERSEY*****PI*00019~MOA***MA01*MA18~DTM*050*20130603~SVC*HC:90834*125*41.17**1~DTM*472*20130501~CAS*CO*45*60.37**223*0.84~CAS*PR*2*10.5**122*12.12~REF*6R*LX#01~REF*LU*11~AMT*B6*64.63~CLP*NANCY SAXT0NL*19*250*82.34*45.24*MB*0813154087500*11~NM1*QC*1*BOCCHINO*MARIANNE****HN*156327016A~NM1*TT*2*HORIZON BCBS OF NEW JERSEY*****PI*80003~MOA***MA01*MA18~DTM*050*20130603~SVC*HC:90834*125*41.17**1~DTM*472*20130508~CAS*CO*45*60.37**223*0.84~CAS*PR*2*10.5**122*12.12~REF*6R*LX#01~REF*LU*11~AMT*B6*64.63~SVC*HC:90834*125*41.17**1~DTM*472*20130516~CAS*CO*45*60.37**223*0.84~CAS*PR*2*10.5**122*12.12~REF*6R*LX#02~REF*LU*11~AMT*B6*64.63~CLP*NANCY SAXT0NL*19*125*41.17*22.62*MB*0813154087530*11~NM1*QC*1*BOCCHINO*MARIANNE****HN*156327016A~NM1*TT*2*HORIZON BCBS OF NEW JERSEY*****PI*80003~MOA***MA01*MA18~DTM*050*20130603~SVC*HC:90834*125*41.17**1~DTM*472*20130501~CAS*CO*45*60.37**223*0.84~CAS*PR*2*10.5**122*12.12~REF*6R*LX#01~REF*LU*11~AMT*B6*64.63~CLP*0*19*125*41.17*22.62*MB*0813154087490*11~NM1*QC*1*DANIEL*JANE****HN*058402469T~NM1*TT*2*UNITEDHEALTHCARE*****PI*00082~MOA***MA01*MA27*MA18~DTM*050*20130603~SVC*HC:90834*125*41.17**1~DTM*472*20130517~CAS*CO*45*60.37**223*0.84~CAS*PR*2*10.5**122*12.12~REF*6R*LX#01~REF*LU*11~AMT*B6*64.63~CLP*0*19*125*41.17*22.62*MB*0813154087520*11~NM1*QC*1*DANIEL*JANE****HN*058402469T~NM1*TT*2*UNITEDHEALTHCARE*****PI*00082~MOA***MA01*MA27*MA18~DTM*050*20130603~SVC*HC:90834*125*41.17**1~DTM*472*20130504~CAS*CO*45*60.37**223*0.84~CAS*PR*2*10.5**122*12.12~REF*6R*LX#01~REF*LU*11~AMT*B6*64.63~CLP*0*19*125*41.17*22.62*MB*0813154087480*11~NM1*QC*1*KASPAR*TAMARA****HN*213561240A~NM1*TT*2*UNITEDHEALTH GROUP*****PI*30002~MOA***MA01*MA18~DTM*050*20130603~SVC*HC:90834*125*41.17**1~DTM*472*20130509~CAS*CO*45*60.37**223*0.84~CAS*PR*2*10.5**122*12.12~REF*6R*LX#01~REF*LU*11~AMT*B6*64.63~CLP*NANCY SAXT0NL*1*250*82.34*45.24*MB*0813154087470*11~NM1*QC*1*LAURITANO*AMY****HN*141844679A~MOA***MA01~DTM*050*20130603~SVC*HC:90834*125*41.17**1~DTM*472*20130506~CAS*CO*45*60.37**223*0.84~CAS*PR*2*10.5**122*12.12~REF*6R*LX#01~REF*LU*11~AMT*B6*64.63~SVC*HC:90834*125*41.17**1~DTM*472*20130513~CAS*CO*45*60.37**223*0.84~CAS*PR*2*10.5**122*12.12~REF*6R*LX#02~REF*LU*11~AMT*B6*64.63~CLP*0*19*125*41.17*22.62*MB*0813154087460*11~NM1*QC*1*LAURITANO*BETSY****HN*147344697A~NM1*TT*2*HORIZON BCBS OF NEW JERSEY*****PI*30013~MOA***MA01*MA18~DTM*050*20130603~SVC*HC:90834*125*41.17**1~DTM*472*20130515~CAS*CO*45*60.37**223*0.84~CAS*PR*2*10.5**122*12.12~REF*6R*LX#01~REF*LU*11~AMT*B6*64.63~CLP*NANCY SAXT0N*19*125*41.17*22.62*MB*0813154087550*11~NM1*QC*1*LAURITANO*BETSY****HN*147344697A~NM1*TT*2*HORIZON BCBS OF NEW JERSEY*****PI*30013~MOA***MA01*MA18~DTM*050*20130603~SVC*HC:90834*125*41.17**1~DTM*472*20130502~CAS*CO*45*60.37**223*0.84~CAS*PR*2*10.5**122*12.12~REF*6R*LX#01~REF*LU*11~AMT*B6*64.63~SE*150*0002~ST*835*0003~BPR*I*54.89*C*ACH*CCP*01*081517693*DA*152302017073*1205296137**01*031201360*DA*7863229386*20130702~TRN*1*885697752*1205296137~REF*EV*1929361~DTM*405*20130701~N1*PR*NOVITAS SOLUTIONS, INC.~N3*PO BOX 890031~N4*CAMP HILL*PA*170890031~REF*2U*12402~PER*CX**TE*8772358073~PER*BL*NOVITAS SOLUTIONS, INC. EDI SERVICES*TE*8772358073*EX*1*EM*WEBSITEEDI@NOVITAS_SOLUTIONS.COM~N1*PE*BERNARD E. BILICKI  CP*XX*1730286782~N3*UNIT 2A*295 GEMINI DRIVE~N4*HILLSBOROUGH*NJ*088444976~REF*TJ*142464911~LX*1~CLP*E3ERNARD E B1L1*1*175*54.89*30.16*MB*0813154009500*11~NM1*QC*1*POLIZZI*ALBERT****HN*151361486A~MOA***MA01~DTM*050*20130603~SVC*HC:90834*175*54.89**1~DTM*472*20130514~CAS*CO*45*88.83**223*1.12~CAS*PR*2*14**122*16.16~REF*6R*LX#01~REF*LU*11~AMT*B6*86.17~SE*28*0003~ST*835*0004~BPR*H*0*C*NON************20130702~TRN*1*358766441*1205296137~REF*EV*1929361~DTM*405*20130701~N1*PR*NOVITAS SOLUTIONS, INC.~N3*PO BOX 890031~N4*CAMP HILL*PA*170890031~REF*2U*12402~PER*CX**TE*8772358073~PER*BL*NOVITAS SOLUTIONS, INC. EDI SERVICES*TE*8772358073*EX*1*EM*WEBSITEEDI@NOVITAS_SOLUTIONS.COM~N1*PE*MAUREEN WIESE WAIBEL  CSW*XX*1902991391~N3*800 RARITAN ROAD~N4*CLARK*NJ*070661710~REF*TJ*262135919~LX*1~CLP*11200A130626*1*125*0**MB*0913179403530*11*1~NM1*QC*1*GANNON*KIMBERLY****HN*135849111A~MOA***MA01~DTM*050*20130628~SVC*HC:90834*125*0**0**1~DTM*472*20130620~CAS*OA*18*125~REF*6R*0~REF*LU*11~LQ*HE*N522~CLP*9900A130626*1*125*0**MB*0913179403520*11*1~NM1*QC*1*LIPARI*BARBARA****HN*157662010A~MOA***MA01~DTM*050*20130628~SVC*HC:90834*125*0**0**1~DTM*472*20130617~CAS*OA*18*125~REF*6R*0~REF*LU*11~LQ*HE*N522~CLP*11300A130626*1*125*0**MB*0913179403550*11*1~NM1*QC*1*TORRE*JOSEPH****HN*137426725A~MOA***MA01~DTM*050*20130628~SVC*HC:90834*125*0**0**1~DTM*472*20130620~CAS*OA*18*125~REF*6R*0~REF*LU*11~LQ*HE*N522~SE*47*0004~ST*835*0005~BPR*I*288.19*C*ACH*CCP*01*081517693*DA*152302017073*1205296137**01*231372691*DA*0181143836*20130702~TRN*1*885694141*1205296137~REF*EV*1929361~DTM*405*20130701~N1*PR*NOVITAS SOLUTIONS, INC.~N3*PO BOX 890031~N4*CAMP HILL*PA*170890031~REF*2U*12402~PER*CX**TE*8772358073~PER*BL*NOVITAS SOLUTIONS, INC. EDI SERVICES*TE*8772358073*EX*1*EM*WEBSITEEDI@NOVITAS_SOLUTIONS.COM~N1*PE*MAUREEN WIESE WAIBEL  CSW*XX*1902991391~N3*800 RARITAN ROAD~N4*CLARK*NJ*070661710~REF*TJ*262135919~LX*1~CLP*143342949A*19*125*41.17*22.62*MB*0813154009520*11~NM1*QC*1*COSQUER*DOLORES****HN*143342949A~NM1*TT*2*HORIZON BCBS OF NEW JERSEY*****PI*00019~MOA***MA01*MA18~DTM*050*20130603~SVC*HC:90834*125*41.17**1~DTM*472*20130522~CAS*CO*45*60.37**223*0.84~CAS*PR*2*10.5**122*12.12~REF*6R*LX#01~REF*LU*11~AMT*B6*64.63~CLP*152249968A*19*125*41.17*22.62*MB*0813154009530*11~NM1*QC*1*FETICS*MARY****HN*152249968A~NM1*TT*2*UNITEDHEALTH GROUP*****PI*30002~MOA***MA01*MA18~DTM*050*20130603~SVC*HC:90834*125*41.17**1~DTM*472*20130528~CAS*CO*45*60.37**223*0.84~CAS*PR*2*10.5**122*12.12~REF*6R*LX#01~REF*LU*11~AMT*B6*64.63~CLP*135849111A*1*500*164.68*90.48*MB*0813154009540*11~NM1*QC*1*GANNON*KIMBERLY****HN*135849111A~MOA***MA01~DTM*050*20130603~SVC*HC:90834*125*41.17**1~DTM*472*20130517~CAS*CO*45*60.37**223*0.84~CAS*PR*2*10.5**122*12.12~REF*6R*LX#01~REF*LU*11~AMT*B6*64.63~SVC*HC:90834*125*41.17**1~DTM*472*20130520~CAS*CO*45*60.37**223*0.84~CAS*PR*2*10.5**122*12.12~REF*6R*LX#02~REF*LU*11~AMT*B6*64.63~SVC*HC:90834*125*41.17**1~DTM*472*20130522~CAS*CO*45*60.37**223*0.84~CAS*PR*2*10.5**122*12.12~REF*6R*LX#03~REF*LU*11~AMT*B6*64.63~SVC*HC:90834*125*41.17**1~DTM*472*20130529~CAS*CO*45*60.37**223*0.84~CAS*PR*2*10.5**122*12.12~REF*6R*LX#04~REF*LU*11~AMT*B6*64.63~CLP*137426725 A*19*125*41.17*22.62*MB*0813154009550*11~NM1*QC*1*TORRE*JOSEPH****HN*137426725A~NM1*TT*2*UNITEDHEALTH GROUP*****PI*30002~MOA***MA01*MA18~DTM*050*20130603~SVC*HC:90834*125*41.17**1~DTM*472*20130523~CAS*CO*45*60.37**223*0.84~CAS*PR*2*10.5**122*12.12~REF*6R*LX#01~REF*LU*11~AMT*B6*64.63~SE*85*0005~GE*5*145833551~IEA*1*145833551~
