ISA*00*          *00*          *ZZ*330897513      *ZZ*ASSOCIATEDBC   *130705*1228*U*00401*145920579*0*P*:~GS*HP*330897513*ASSOCIATEDBC*20130705*1228*145920579*X*004010X091A1~ST*835*0001~BPR*I*54*C*ACH*CCP*01*031100225*DA*2079950064280/*1220999690**01*231372691*DA*0181143836*20130703~TRN*1*0003849865*1220999690*8352013070403320758~REF*EV*1902991391~DTM*405*20130703~N1*PR*HORIZON BCBSNJ~N3*PAYOR ADDRESS 1~N4*NEWARK*NJ*071010420~REF*2U*22099~N1*PE*M M WIESE WAIBEL LCSW*XX*1902991391~N3*800 RARITAN RD~N4*CLARK*NJ*070661710~REF*PQ*2621359190~REF*TJ*262135919~LX*1~CLP*10200A130626*1*125*54*15*12*780261318304040   00**1~NM1*QC*1*GREFFER*CHANTAL****MI*3HZN143458400~NM1*74*1*GREFFER*CHANTAL*M***C*YHB3HZN14345840~NM1*82*2*M M WIESE WAIBEL LCSW*****XX*1902991391~DTM*050*20130701~DTM*232*20130617~DTM*233*20130617~PER*CX*NATIONAL ACCOUNTS SERVICED IN MT.LAUREL*TE*8006244758~AMT*AU*69~AMT*T2*54~SVC*HC:99199*125*54**1*HC:90834~DTM*472*20130617~CAS*PR*3*15~CAS*CO*45*56~REF*6R*0~REF*HPI*1902991391~AMT*B6*69~SE*33*0001~GE*1*145920579~IEA*1*145920579~
