ISA*00*          *00*          *ZZ*330897513      *ZZ*ASSOCIATEDBC   *130708*1734*U*00401*146098469*0*P*:~GS*HP*330897513*ASSOCIATEDBC*20130708*1734*146098469*X*004010X091A1~ST*835*0001~BPR*I*378.62*C*ACH*CCP*01*031100225*DA*2079950064280/*1220999690**01*231372691*DA*0181143836*20130704~TRN*1*0003857343*1220999690*8352013070502410832~REF*EV*1902991391~DTM*405*20130704~N1*PR*HORIZON BCBSNJ~N3*PAYOR ADDRESS 1~N4*NEWARK*NJ*071010420~REF*2U*22099~N1*PE*M M WIESE WAIBEL LCSW*XX*1902991391~N3*800 RARITAN RD~N4*CLARK*NJ*070661710~REF*PQ*2621359190~REF*TJ*262135919~LX*1~CLP*10700A130626*1*125*50*10*13*780261318304028   00**1~NM1*QC*1*BONILLA*NANCY****MI*NJX3HZN71563020~NM1*82*2*M M WIESE WAIBEL LCSW*****XX*1902991391~DTM*050*20130701~DTM*232*20130618~DTM*233*20130618~PER*CX*NJ DIRECT*TE*8006241110~AMT*AU*60~AMT*T2*50~SVC*HC:99199*125*50**1*HC:90834~DTM*472*20130618~CAS*PR*3*10~CAS*CO*45*65~REF*6R*0~REF*HPI*1902991391~AMT*B6*60~CLP*10000A130626*1*125*45*15*13*780261318338609   00**1~NM1*QC*1*CORNWELL*ELIZABETH****MI*3HZN852616900~NM1*74*1*CORNWELL*ELIZABETH*H***C*NJX3HZN85261690~NM1*82*2*M M WIESE WAIBEL LCSW*****XX*1902991391~DTM*050*20130701~DTM*232*20130617~DTM*233*20130617~PER*CX*NJ DIRECT*TE*8006241110~AMT*AU*60~AMT*T2*45~SVC*HC:99199*125*45**1*HC:90834~DTM*472*20130617~CAS*PR*3*15~CAS*CO*45*65~REF*6R*0~REF*HPI*1902991391~AMT*B6*60~CLP*11400A130626*1*125*45*15*13*780261318338608   00**1~NM1*QC*1*LENAHAN*MEAGHAN****MI*3HZN361915300~NM1*74*1*LENAHAN*MEAGHAN*M***C*NJX3HZN36191530~NM1*82*2*M M WIESE WAIBEL LCSW*****XX*1902991391~DTM*050*20130701~DTM*232*20130620~DTM*233*20130620~PER*CX*NJ DIRECT*TE*8006241110~AMT*AU*60~AMT*T2*45~SVC*HC:99199*125*45**1*HC:90834~DTM*472*20130620~CAS*PR*3*15~CAS*CO*45*65~REF*6R*0~REF*HPI*1902991391~AMT*B6*60~CLP*137426725 A*2*125*22.62*37.38*13*780271317315675   00**1~CAS*PR*96*37.38~CAS*OA*96*-37.38~NM1*QC*1*TORRE*JOSEPH*J***MI*3HZN555919000~NM1*74*1*TORRE*JOSEPH****C*3HZN55591900~NM1*82*2*M M WIESE WAIBEL LCSW*****XX*1902991391~MOA***MA69~DTM*050*20130622~DTM*232*20130509~DTM*233*20130509~PER*CX*HORIZON BLUE CROSS BLUE SHIELD OF NEW JERSEY DIRECT ACCESS*TE*8006241110~AMT*AU*60~AMT*T2*22.62~SVC*HC:99199*125*22.62**1*HC:90834~DTM*472*20130509~CAS*OA*23*102.38~REF*6R*LX#01~REF*HPI*1902991391~AMT*B6*60~CLP*3HZN74465430*1*125*59*10*12*780261318478965   00**1~NM1*QC*1*DOHERTY*MARCELLE*N***MI*YHB3HZN74465430~NM1*IL*1*DOHERTY*DANIEL****MI*3HZN744654300~NM1*74*1*DOHERTY*DANIEL*J***C*3HZN744654300~NM1*82*2*M M WIESE WAIBEL LCSW*****XX*1902991391~DTM*050*20130703~DTM*232*20130627~DTM*233*20130627~PER*CX*NATIONAL ACCOUNTS SERVICED IN MT.LAUREL*TE*8006244758~AMT*AU*69~AMT*T2*59~SVC*HC:99199*125*59**1*HC:90834~DTM*472*20130627~CAS*PR*3*10~CAS*CO*45*56~REF*6R*6863HZN74465430~REF*HPI*1902991391~AMT*B6*69~CLP*3HZN56316950*1*125*54*15*12*780261318478611   00**1~NM1*QC*1*DUFFY*JULIE****MI*3HZN563169500~NM1*74*1*DUFFY*JULIE*A***C*YHB3HZN56316950~NM1*82*2*M M WIESE WAIBEL LCSW*****XX*1902991391~DTM*050*20130703~DTM*232*20130628~DTM*233*20130628~PER*CX*NATIONAL ACCOUNTS SERVICED IN MT.LAUREL*TE*8006244758~AMT*AU*69~AMT*T2*54~SVC*HC:99199*125*54**1*HC:90834~DTM*472*20130628~CAS*PR*3*15~CAS*CO*45*56~REF*6R*6913HZN56316950~REF*HPI*1902991391~AMT*B6*69~CLP*12000A130626*1*125*54*15*12*780271318361775   00**1~NM1*QC*1*DUFFY*JULIE****MI*3HZN563169500~NM1*74*1*DUFFY*JULIE*A***C*YHB3HZN56316950~NM1*82*2*M M WIESE WAIBEL LCSW*****XX*1902991391~DTM*050*20130702~DTM*232*20130621~DTM*233*20130621~PER*CX*NATIONAL ACCOUNTS SERVICED IN MT.LAUREL*TE*8006244758~AMT*AU*69~AMT*T2*54~SVC*HC:99199*125*54**1*HC:90834~DTM*472*20130621~CAS*PR*3*15~CAS*CO*45*56~REF*6R*0~REF*HPI*1902991391~AMT*B6*69~CLP*3HZN28656930*1*125*49*20*12*780261318478620   00**1~NM1*QC*1*GWALDIS*LISA****MI*HBX3HZN28656930~NM1*82*2*M M WIESE WAIBEL LCSW*****XX*1902991391~DTM*050*20130703~DTM*232*20130620~DTM*233*20130620~PER*CX*NATIONAL ACCOUNTS SERVICED IN MT.LAUREL*TE*8006244758~AMT*AU*69~AMT*T2*49~SVC*HC:99199*125*49**1*HC:90834~DTM*472*20130620~CAS*PR*3*20~CAS*CO*45*56~REF*6R*7073HZN28656930~REF*HPI*1902991391~AMT*B6*69~SE*153*0001~ST*835*0002~BPR*I*250.62*C*ACH*CCP*01*031100225*DA*2079950064280/*1220999690**01*231372691*DA*0181143836*20130705~TRN*1*0003864620*1220999690*8352013070602180747~REF*EV*1902991391~DTM*405*20130705~N1*PR*HORIZON BCBSNJ~N3*PAYOR ADDRESS 1~N4*NEWARK*NJ*071010420~REF*2U*22099~N1*PE*M M WIESE WAIBEL LCSW*XX*1902991391~N3*800 RARITAN RD~N4*CLARK*NJ*070661710~REF*PQ*2621359190~REF*TJ*262135919~LX*1~CLP*11000A130626*1*125*44*25*12*780261318338605   00**1~NM1*QC*1*KOVATCH*LISA****MI*ROQ5052733500~NM1*82*2*M M WIESE WAIBEL LCSW*****XX*1902991391~DTM*050*20130701~DTM*232*20130619~DTM*233*20130619~AMT*AU*69~AMT*T2*44~SVC*HC:99199*125*44**1*HC:90834~DTM*472*20130619~CAS*PR*3*25~CAS*CO*45*56~REF*6R*0~REF*HPI*1902991391~AMT*B6*69~CLP*10600A130626*1*125*49*20*12*780261318311087   00**1~NM1*QC*1*RABADEAU*KATHLEEN****MI*DZVAN4490966~NM1*82*2*M M WIESE WAIBEL LCSW*****XX*1902991391~DTM*050*20130701~DTM*232*20130618~DTM*233*20130618~AMT*AU*69~AMT*T2*49~SVC*HC:99199*125*49**1*HC:90834~DTM*472*20130618~CAS*PR*3*20~CAS*CO*45*56~REF*6R*0~REF*HPI*1902991391~AMT*B6*69~CLP*143342949A*2*125*12.62*10*13*780271318520312   00**1~NM1*QC*1*COSQUER*DOLORES****MI*3HZN22671350~NM1*82*2*M M WIESE WAIBEL LCSW*****XX*1902991391~DTM*050*20130704~DTM*232*20130522~DTM*233*20130522~PER*CX*NJ DIRECT*TE*8006241110~AMT*AU*63.79~AMT*T2*12.62~SVC*HC:99199*125*12.62**1*HC:90834~DTM*472*20130522~CAS*PR*3*10~CAS*OA*23*102.38~REF*6R*LX#01~REF*HPI*1902991391~AMT*B6*63.79~CLP*3HZN77593920*1*250*100*20*13*780261318478612   00**1~NM1*QC*1*DANIELSON*CHRISTINE****MI*NJX3HZN77593920~NM1*IL*1*FAUGHNAN*RICHARD****MI*3HZN775939201~NM1*74*1*FAUGHNAN*RICHARD*F***C*3HZN775939201~NM1*82*2*M M WIESE WAIBEL LCSW*****XX*1902991391~DTM*050*20130703~DTM*232*20130619~DTM*233*20130626~PER*CX*NJ DIRECT*TE*8006241110~AMT*AU*120~AMT*T2*100~SVC*HC:99199*125*50**1*HC:90834~DTM*472*20130619~CAS*PR*3*10~CAS*CO*45*65~REF*6R*6813HZN77593920~REF*HPI*1902991391~AMT*B6*60~SVC*HC:99199*125*50**1*HC:90834~DTM*472*20130626~CAS*PR*3*10~CAS*CO*45*65~REF*6R*6823HZN77593920~REF*HPI*1902991391~AMT*B6*60~CLP*3HZN36191530*1*125*45*15*13*780261318478610   00**1~NM1*QC*1*LENAHAN*MEAGHAN****MI*3HZN361915300~NM1*74*1*LENAHAN*MEAGHAN*M***C*NJX3HZN36191530~NM1*82*2*M M WIESE WAIBEL LCSW*****XX*1902991391~DTM*050*20130703~DTM*232*20130627~DTM*233*20130627~PER*CX*NJ DIRECT*TE*8006241110~AMT*AU*60~AMT*T2*45~SVC*HC:99199*125*45**1*HC:90834~DTM*472*20130627~CAS*PR*3*15~CAS*CO*45*65~REF*6R*7133HZN36191530~REF*HPI*1902991391~AMT*B6*60~SE*104*0002~ST*835*0003~BPR*I*93*C*ACH*CCP*01*031100225*DA*2079950064280/*1220999690**01*231372691*DA*0181143836*20130706~TRN*1*0003870999*1220999690*8352013070623310721~REF*EV*1902991391~DTM*405*20130706~N1*PR*HORIZON BCBSNJ~N3*PAYOR ADDRESS 1~N4*NEWARK*NJ*071010420~REF*2U*22099~N1*PE*M M WIESE WAIBEL LCSW*XX*1902991391~N3*800 RARITAN RD~N4*CLARK*NJ*070661710~REF*PQ*2621359190~REF*TJ*262135919~LX*1~CLP*721194544*1*125*44*25*12*780261318486852   00**1~NM1*QC*1*KARDOS*LISA****MI*SKQAN4254520~NM1*82*2*M M WIESE WAIBEL LCSW*****XX*1902991391~DTM*050*20130703~DTM*232*20130620~DTM*233*20130620~AMT*AU*69~AMT*T2*44~SVC*HC:99199*125*44**1*HC:90834~DTM*472*20130620~CAS*PR*3*25~CAS*CO*45*56~REF*6R*709721194544~REF*HPI*1902991391~AMT*B6*69~CLP*DZVAN4492387*1*125*49*20*12*780261318478040   00**1~NM1*QC*1*PRIBUSH*KATHLEEN****MI*DZVAN4492387~NM1*IL*1*PRIBUSH*JEFF****MI*DZVAN4492387~NM1*82*2*M M WIESE WAIBEL LCSW*****XX*1902991391~DTM*050*20130703~DTM*232*20130626~DTM*233*20130626~AMT*AU*69~AMT*T2*49~SVC*HC:99199*125*49**1*HC:90834~DTM*472*20130626~CAS*PR*3*20~CAS*CO*45*56~REF*6R*726DZVAN4492387~REF*HPI*1902991391~AMT*B6*69~SE*47*0003~ST*835*0004~BPR*I*49*C*CHK************20130705~TRN*1*155264283*1220999690*22099~DTM*405*20130705~N1*PR*HORIZON BCBSNJ~N3*3 PENN PLAZA~N4*NEWARK*NJ*071010420~REF*2U*22099~PER*CX**TE*8883349242~N1*PE*M M WIESE WAIBEL LCSW*XX*1902991391~N3*800 RARITAN ROAD~N4*CLARK*NJ*070661710~REF*TJ*262135919~LX*1~CLP*10800A130626*1*125*49*20*12*26131833861100780*11*1~NM1*QC*1*MULLIGAN*CHERYL****MI*R58027107~NM1*IL*1*MULLIGAN*THOMAS****MI*R58027107~DTM*050*20130701~DTM*232*20130619~AMT*AU*69~SVC*HC:90834*125*49**1~DTM*472*20130619~CAS*PR*2*20~CAS*CO*45*56~REF*6R*0~AMT*B6*69~SE*27*0004~ST*835*0005~BPR*I*200*C*CHK******1043270923******20130708~TRN*1*001666361*1043270923~REF*EV*SL0002~REF*F2*3000-001~DTM*405*20130705~N1*PR*TUFTS BENEFIT ADMINISTRATORS INC.~N3*PO BOX 9185~N4*WATERTOWN*MA*024719185~REF*2U*04298~PER*CX*EDI OPERATIONS*TE*8888808699*EX*4042~N1*PE*GULLA JAMES P. LCMHC*XX*1922200658~LX*1~CLP*720016815*1*250*200*50*12*3179BXXV~NM1*QC*1*WYMAN*ARTHUR****MI*776987405   02~SVC*HC:90837*125*100**1~DTM*472*20130612~CAS*PR*2*25~AMT*B6*125~SVC*HC:90837*125*100**1~DTM*472*20130619~CAS*PR*2*25~AMT*B6*125~SE*24*0005~ST*835*0006~BPR*I*0*C*NON******1042674079******20130708~TRN*1*000000000*1042674079~REF*EV*SL0002~REF*F2*3000-001~DTM*405*20130705~N1*PR*TUFTS ASSOCIATED HEALTH MAINTENANCE ORG INC.~N3*PO BOX 9163~N4*WATERTOWN*MA*024719163~REF*2U*04298~PER*CX*EDI OPERATIONS*TE*8888808699*EX*4042~N1*PE*GULLA JAMES P. LCMHC*XX*1922200658~LX*1~CLP*716756588*1*775*0**HM*3174B4OK~NM1*QC*1*SLAUTER-WORTHEN*DARCY****MI*888726172   04~NM1*74*1*WORTHEN**A~SVC*HC:90791*150*0**1~DTM*472*20130417~CAS*PI*197*150~SVC*HC:90837*125*0**1~DTM*472*20130424~CAS*PI*197*125~SVC*HC:90837*125*0**1~DTM*472*20130501~CAS*PI*197*125~SVC*HC:90837*125*0**1~DTM*472*20130508~CAS*PI*197*125~SVC*HC:90837*125*0**1~DTM*472*20130515~CAS*PI*197*125~SVC*HC:90837*125*0**1~DTM*472*20130522~CAS*PI*197*125~SE*35*0006~GE*6*146098469~IEA*1*146098469~
