ISA*00*          *00*          *ZZ*330897513      *ZZ*ASSOCIATEDBC   *130709*0730*^*00501*146163994*0*P*:~GS*HP*330897513*ASSOCIATEDBC*20130709*0730*146163994*X*005010X221A1~ST*835*0001~BPR*H*0*C*NON************20130708~TRN*1*358782284*1205296137~REF*EV*1929361~DTM*405*20130705~N1*PR*NOVITAS SOLUTIONS, INC.~N3*PO BOX 890031~N4*CAMP HILL*PA*170890031~REF*2U*12402~PER*CX**TE*8772358073~PER*BL*NOVITAS SOLUTIONS, INC. EDI SERVICES*TE*8772358073*EX*1*EM*WEBSITEEDI@NOVITAS_SOLUTIONS.COM~N1*PE*MAUREEN J. HUDAK  CP*XX*1013063346~N3*SUITE 2A*47 RARITAN AVE~N4*HIGHLAND PARK*NJ*089042440~REF*TJ*142460069~LX*1~CLP*157489157 A*2*150*0**MB*0713168254030*11~NM1*QC*1*CORCORAN*ROSEANN****HN*157489157A~MOA***MA01~DTM*050*20130617~SVC*HC:90834*150*0**1~DTM*472*20130503~CAS*OA*23*150**23*-14~CAS*PR*2*14~REF*6R*LX#01~REF*LU*11~AMT*B6*86.17~SE*28*0001~ST*835*0002~BPR*I*267.05*C*ACH*CCP*01*081517693*DA*152302017073*1205296137**01*021200339*DA*381006409421*20130705~TRN*1*885707390*1205296137~REF*EV*1929361~DTM*405*20130703~N1*PR*NOVITAS SOLUTIONS, INC.~N3*PO BOX 890031~N4*CAMP HILL*PA*170890031~REF*2U*12402~PER*CX**TE*8772358073~PER*BL*NOVITAS SOLUTIONS, INC. EDI SERVICES*TE*8772358073*EX*1*EM*WEBSITEEDI@NOVITAS_SOLUTIONS.COM~N1*PE*CYNTHIA M. BRATMAN  CP*XX*1184788275~N3*SUITE 209*20 NASSAU ST~N4*PRINCETON*NJ*085424509~REF*TJ*200286572~LX*1~CLP*CYNTHIA BRATMA*19*875*267.05*146.75*MB*0813157016770*11~NM1*QC*1*KUDRA*TARA****HN*194584895A~NM1*TT*2*COMMONWEALTH OF PENNSYLVANIA*****PI*70031~MOA***MA01*MA27*MA07~DTM*050*20130606~SVC*HC:90834*175*53.41**1~DTM*472*20130514~CAS*CO*45*91.15**223*1.09~CAS*PR*2*13.63**122*15.72~REF*6R*LX#01~REF*LU*11~AMT*B6*83.85~SVC*HC:90834*175*53.41**1~DTM*472*20130515~CAS*CO*45*91.15**223*1.09~CAS*PR*2*13.63**122*15.72~REF*6R*LX#02~REF*LU*11~AMT*B6*83.85~SVC*HC:90834*175*53.41**1~DTM*472*20130520~CAS*CO*45*91.15**223*1.09~CAS*PR*2*13.63**122*15.72~REF*6R*LX#03~REF*LU*11~AMT*B6*83.85~SVC*HC:90834*175*53.41**1~DTM*472*20130521~CAS*CO*45*91.15**223*1.09~CAS*PR*2*13.63**122*15.72~REF*6R*LX#04~REF*LU*11~AMT*B6*83.85~SVC*HC:90834*175*53.41**1~DTM*472*20130523~CAS*CO*45*91.15**223*1.09~CAS*PR*2*13.63**122*15.72~REF*6R*LX#05~REF*LU*11~AMT*B6*83.85~SE*57*0002~ST*835*0003~BPR*H*0*C*NON************20130705~TRN*1*358774140*1205296137~REF*EV*1929361~DTM*405*20130703~N1*PR*NOVITAS SOLUTIONS, INC.~N3*PO BOX 890031~N4*CAMP HILL*PA*170890031~REF*2U*12402~PER*CX**TE*8772358073~PER*BL*NOVITAS SOLUTIONS, INC. EDI SERVICES*TE*8772358073*EX*1*EM*WEBSITEEDI@NOVITAS_SOLUTIONS.COM~N1*PE*MAUREEN WIESE WAIBEL  CSW*XX*1902991391~N3*800 RARITAN ROAD~N4*CLARK*NJ*070661710~REF*TJ*262135919~LX*1~CLP*11200A130626*1*125*0**MB*0913183494500*11*1~NM1*QC*1*GANNON*KIMBERLY****HN*135849111A~MOA***MA01~DTM*050*20130702~SVC*HC:90834*125*0**0**1~DTM*472*20130620~CAS*OA*18*125~REF*6R*0~REF*LU*11~LQ*HE*N522~CLP*9900A130626*1*125*0**MB*0913183494490*11*1~NM1*QC*1*LIPARI*BARBARA****HN*157662010A~MOA***MA01~DTM*050*20130702~SVC*HC:90834*125*0**0**1~DTM*472*20130617~CAS*OA*18*125~REF*6R*0~REF*LU*11~LQ*HE*N522~CLP*11300A130626*1*125*0**MB*0913183494510*11*1~NM1*QC*1*TORRE*JOSEPH****HN*137426725A~MOA***MA01~DTM*050*20130702~SVC*HC:90834*125*0**0**1~DTM*472*20130620~CAS*OA*18*125~REF*6R*0~REF*LU*11~LQ*HE*N522~SE*47*0003~ST*835*0004~BPR*I*51.79*C*CHK************20130703~TRN*1*987341032*1591031071~REF*EV*870426777~REF*F2*1~DTM*405*20130706~N1*PR*CIGNA HEALTH AND LIFE INSURANCE COMPANY~N3*P. O. BOX 182223~N4*CHATTANOOGA*TN*374227223~PER*BL*HP*EM*CLAIMS.INTAKE.APP.SUPPORT@HP.COM~PER*IC**UR*WWW.CIGNAFORHCP.COM~N1*PE*LAURA DEMARZO PHD EDD*XX*1457686560~N3*491 AMWELL RD # 103~N4*HILLSBOROUGH*NJ*088448212~REF*TJ*263895688~LX*1~CLP*0*1*175*51.79*22.19*13*9651317190804*11*1~NM1*QC*1*HATCHER*DANIEL*W***MI*U0900203203~NM1*IL*1*MCDONNELL*ROBERT****MI*U0900203201~NM1*82*1*DEMARZO*LAURA****FI*263895688~REF*1L*3203576~REF*9A*445555656~REF*CE*OPEN ACCESS PLUS~DTM*050*20130620~DTM*232*20130611~DTM*233*20130611~PER*CX*MEMBER SERVICES*TE*8002446224~AMT*AU*73.98~SVC*HC:90834*175*51.79**1~CAS*CO*45*101.02~CAS*PR*2*22.19~REF*HPI*1255372603~AMT*B6*73.98~SE*34*0004~ST*835*0005~BPR*H*0*C*NON************20130705~TRN*1*20130704118000350EZPS0*1591031071~REF*EV*562291693~REF*F2*GWFC~DTM*405*20130704~N1*PR*GREATWESTHEALTHCARE-CIGNA~N3*8505 E. ORCHARD RD~N4*GREENWOOD VILLAGE*CO*80111~REF*2U*80705~PER*BL*HP*EM*CLAIMS.INTAKE.APP.SUPPORT@HP.COM~PER*IC**UR*WWW.CIGNAFORHCP.COM~PER*CX*GWHC_EDIPROD*EM*GWHC_EDIPROD@CIGNA.COM*TE*3035665635~N1*PE*LAURA DEMARZO*FI*263895688~N3*491 AMWELL RD*STE 103~N4*HILLSBOROUGH*NJ*08844~REF*PQ*200005762617~LX*0~CLP*NOT GIVEN*1*175*0*73.98*13*130413546200*11~NM1*QC*1*HUBER*JUDY****MI*101425959~NM1*82*1*DEMARZO*LAURA****FI*263895688~REF*1L*00606833~REF*CE*OPEN ACCESS PLUS~DTM*050*20130627~AMT*AU*73.98~SVC*HC:90834*175*0**1~DTM*472*20130618~CAS*CO*45*101.02~CAS*PR*1*73.98~REF*APC*0~REF*HPI*1255372603~AMT*B6*73.98~SE*33*0005~GE*5*146163994~IEA*1*146163994~
