ISA*00*          *00*          *ZZ*330897513      *ZZ*ASSOCIATEDBC   *130710*0557*^*00501*146306839*0*P*:~GS*HP*330897513*ASSOCIATEDBC*20130710*0557*146306839*X*005010X221A1~ST*835*0001~BPR*H*0*C*NON************20130710~TRN*1*012600398*1216000928~REF*EV*9904204~DTM*405*20130705~N1*PR*NEW JERSEY MEDICAID~N3*3705 QUAKERBRIDGE ROAD, SUITE 101~N4*TRENTON*NJ*086191288~PER*CX*NEW JERSEY MEDICAID PROVIDER SERVICES*TE*8007766334~PER*BL*NEW JERSEY EDI UNIT*TE*6095886051*EM*NJMMISEDI@MOLINAHEALTHCARE.COM*FX*6095848268~PER*IC**UR*WWW.NJMMIS.COM~N1*PE*WAY          KAREN      GPHD*XX*1477603942~REF*PQ*0225177~REF*TJ*008388097~LX*1~CLP*233057655620*22*-130*-71.18**MC*201132901312701-125809590955*11~NM1*QC*1*CONSU*B****MR*233057655620~DTM*232*20111103~DTM*233*20111103~AMT*AU*-71.18~SVC*HC:90806*-130*-71.18**-1**0~DTM*472*20111103~CAS*CO*45*-58.82~AMT*B6*-71.18~LQ*HE*N45~LQ*HE*MA80~CLP*233057655620*22*-130*-71.18**MC*201132901312702-125809590955*11~NM1*QC*1*CONSU*B****MR*233057655620~DTM*232*20111110~DTM*233*20111110~AMT*AU*-71.18~SVC*HC:90806*-130*-71.18**-1**0~DTM*472*20111110~CAS*CO*45*-58.82~AMT*B6*-71.18~LQ*HE*N45~LQ*HE*MA80~CLP*233057655620*22*-130*-71.18**MC*201134101024101-125809590955*11~NM1*QC*1*CONSU*B****MR*233057655620~DTM*232*20111117~DTM*233*20111117~AMT*AU*-71.18~SVC*HC:90806*-130*-71.18**-1**0~DTM*472*20111117~CAS*CO*45*-58.82~AMT*B6*-71.18~LQ*HE*N45~LQ*HE*MA80~CLP*233057655620*22*-130*-71.18**MC*201135606281601-125809590955*11~NM1*QC*1*CONSU*B****MR*233057655620~DTM*232*20111201~DTM*233*20111201~AMT*AU*-71.18~SVC*HC:90806*-130*-71.18**-1**0~DTM*472*20111201~CAS*CO*45*-58.82~AMT*B6*-71.18~LQ*HE*N45~LQ*HE*MA80~CLP*233057655620*22*-130*-71.18**MC*201135606281602-125809590955*11~NM1*QC*1*CONSU*B****MR*233057655620~DTM*232*20111214~DTM*233*20111214~AMT*AU*-71.18~SVC*HC:90806*-130*-71.18**-1**0~DTM*472*20111214~CAS*CO*45*-58.82~AMT*B6*-71.18~LQ*HE*N45~LQ*HE*MA80~CLP*233057655620*22*-130*-71.18**MC*201209556278606-125809590955*11~NM1*QC*1*CONSULMAGNO*BRIANNA****MR*233057655620~DTM*232*20120112~DTM*233*20120112~AMT*AU*-71.18~SVC*HC:90806*-130*-71.18**-1**0~DTM*472*20120112~CAS*CO*45*-58.82~REF*6R*315233057655620~AMT*B6*-71.18~LQ*HE*N45~LQ*HE*MA80~CLP*233057655620*22*-130*-71.18**MC*201209556278607-125809590955*11~NM1*QC*1*CONSULMAGNO*BRIANNA****MR*233057655620~DTM*232*20120119~DTM*233*20120119~AMT*AU*-71.18~SVC*HC:90806*-130*-71.18**-1**0~DTM*472*20120119~CAS*CO*45*-58.82~REF*6R*316233057655620~AMT*B6*-71.18~LQ*HE*N45~LQ*HE*MA80~CLP*233057655620*22*-130*-71.18**MC*201209556278608-125809590955*11~NM1*QC*1*CONSULMAGNO*BRIANNA****MR*233057655620~DTM*232*20120126~DTM*233*20120126~AMT*AU*-71.18~SVC*HC:90806*-130*-71.18**-1**0~DTM*472*20120126~CAS*CO*45*-58.82~REF*6R*317233057655620~AMT*B6*-71.18~LQ*HE*N45~LQ*HE*MA80~CLP*233057655620*22*-130*-71.18**MC*201209556278601-125809590955*11~NM1*QC*1*CONSULMAGNO*BRIANNA****MR*233057655620~DTM*232*20120202~DTM*233*20120202~AMT*AU*-71.18~SVC*HC:90806*-130*-71.18**-1**0~DTM*472*20120202~CAS*CO*45*-58.82~REF*6R*318233057655620~AMT*B6*-71.18~LQ*HE*N45~LQ*HE*MA80~CLP*233057655620*22*-130*-71.18**MC*201209556278602-125809590955*11~NM1*QC*1*CONSULMAGNO*BRIANNA****MR*233057655620~DTM*232*20120209~DTM*233*20120209~AMT*AU*-71.18~SVC*HC:90806*-130*-71.18**-1**0~DTM*472*20120209~CAS*CO*45*-58.82~REF*6R*319233057655620~AMT*B6*-71.18~LQ*HE*N45~LQ*HE*MA80~CLP*233057655620*22*-130*-71.18**MC*201209556278603-125809590955*11~NM1*QC*1*CONSULMAGNO*BRIANNA****MR*233057655620~DTM*232*20120216~DTM*233*20120216~AMT*AU*-71.18~SVC*HC:90806*-130*-71.18**-1**0~DTM*472*20120216~CAS*CO*45*-58.82~REF*6R*320233057655620~AMT*B6*-71.18~LQ*HE*N45~LQ*HE*MA80~CLP*233057655620*22*-130*-71.18**MC*201209556278604-125809590955*11~NM1*QC*1*CONSULMAGNO*BRIANNA****MR*233057655620~DTM*232*20120223~DTM*233*20120223~AMT*AU*-71.18~SVC*HC:90806*-130*-71.18**-1**0~DTM*472*20120223~CAS*CO*45*-58.82~REF*6R*321233057655620~AMT*B6*-71.18~LQ*HE*N45~LQ*HE*MA80~CLP*135405190 A*4*150*0**MC*201309123001102-06080464*11*1~NM1*QC*1*ZABOROWSKI*RAYMOND*T***MR*122077125801~REF*EA*0813056039140~DTM*232*20130206~DTM*233*20130206~SVC*HC:90834*150*0~DTM*472*20130206~CAS*OA*16*150~REF*6R*LX#01~LQ*HE*N29~CLP*135405190 A*4*150*0**MC*201309123001101-06080464*11*1~NM1*QC*1*ZABOROWSKI*RAYMOND*T***MR*122077125801~REF*EA*0813056039140~DTM*232*20130213~DTM*233*20130213~SVC*HC:90834*150*0~DTM*472*20130213~CAS*OA*16*150~REF*6R*LX#02~LQ*HE*N29~CLP*156560448A*4*150*0**MC*201309122347001-1332030606080464*11*1~NM1*QC*1*FRAMPTON*STEPHEN****MR*152030463701~REF*EA*0813056039210~DTM*232*20130214~DTM*233*20130214~SVC*HC:90834*150*0~DTM*472*20130214~CAS*OA*16*150~REF*6R*LX#01~LQ*HE*M57~LQ*HE*MA80~LQ*HE*N29~PLB*1477603942*20131231*CS:20131870138*-854.16~SE*188*0001~GE*1*146306839~IEA*1*146306839~
