ISA*00*          *00*          *ZZ*330897513      *ZZ*ASSOCIATEDBC   *130712*0220*^*00501*146594847*0*P*:~GS*HP*330897513*ASSOCIATEDBC*20130712*0220*146594847*X*005010X221A1~ST*835*0001~BPR*I*65*C*ACH*CCP*01*055003201*DA*2000026932448*1522135463**01*031201360*DA*7869322623*20130703~TRN*1*241227*1522135463*CMC1~REF*EV*330897513~REF*F2*CAPS STL~DTM*405*20130703~N1*PR*MAGELLAN BEHAVIORAL HEALTH SYSTEMS, LLC. COMCAST~N3*P.O. BOX 1005~N4*MARYLAND HEIGHTS,*MO*63043~PER*CX**TE*8003276247*TE*8006352883~PER*BL*MAGELLAN EDI*TE*3143875890~N1*PE*CENTER FOR PSYCHOLOGICAL SERVI*XX*1457686560~N3*491 AMWELL RD BLDG 1*STE 103~N4*HILLSBOROUGH*NJ*088448212~REF*TJ*263895688~LX*1~CLP*N/A*1*175*65*15*13*111126235~NM1*QC*1*NELSON*JACQUELINE*L***MI*COM158585211~NM1*IL*1*NELSON*RAYMOND*M***MI*COM158585211~NM1*82*1*HURT*DEBBIE L****XX*1275694077~DTM*050*20130627~DTM*232*20130619~DTM*233*20130619~SVC*HC:90834*175*65**1~DTM*472*20130619~CAS*CO*45*95~CAS*PR*3*15~REF*HPI*1275694077~AMT*B6*80~SE*30*0001~GE*1*146594847~IEA*1*146594847~
