ISA*00*          *00*          *ZZ*330897513      *ZZ*ASSOCIATEDBC   *130711*1229*^*00501*146508384*0*P*:~GS*HP*330897513*ASSOCIATEDBC*20130711*1229*146508384*X*005010X221A1~ST*835*0001~BPR*I*54.89*C*ACH*CCP*01*081517693*DA*152302017073*1205296137**01*221272303*DA*3010001018*20130709~TRN*1*885719872*1205296137~REF*EV*1929361~DTM*405*20130708~N1*PR*NOVITAS SOLUTIONS, INC.~N3*PO BOX 890031~N4*CAMP HILL*PA*170890031~REF*2U*12402~PER*CX**TE*8772358073~PER*BL*NOVITAS SOLUTIONS, INC. EDI SERVICES*TE*8772358073*EX*1*EM*WEBSITEEDI@NOVITAS_SOLUTIONS.COM~N1*PE*MAUREEN J. HUDAK  CP*XX*1013063346~N3*SUITE 2A*47 RARITAN AVE~N4*HIGHLAND PARK*NJ*089042440~REF*TJ*142460069~LX*1~CLP*156801936 A*19*150*54.89*30.16*MB*0813161180100*11~NM1*QC*1*MARIANO*MELISSA****HN*156801936A~NM1*TT*2*COMMONWEALTH OF PENNSYLVANIA*****PI*70031~MOA***MA01*MA07~DTM*050*20130610~SVC*HC:90834*150*54.89**1~DTM*472*20130521~CAS*CO*45*63.83**223*1.12~CAS*PR*2*14**122*16.16~REF*6R*LX#01~REF*LU*11~AMT*B6*86.17~SE*29*0001~ST*835*0002~BPR*I*329.36*C*ACH*CCP*01*081517693*DA*152302017073*1205296137**01*221271935*DA*023856318*20130709~TRN*1*885714765*1205296137~REF*EV*1929361~DTM*405*20130708~N1*PR*NOVITAS SOLUTIONS, INC.~N3*PO BOX 890031~N4*CAMP HILL*PA*170890031~REF*2U*12402~PER*CX**TE*8772358073~PER*BL*NOVITAS SOLUTIONS, INC. EDI SERVICES*TE*8772358073*EX*1*EM*WEBSITEEDI@NOVITAS_SOLUTIONS.COM~N1*PE*NANCY J. SAXTON LOPEZ  CSW*XX*1053490193~N3*SUITE 3C*6 PROSPECT STREET~N4*MIDLAND PARK*NJ*074321634~REF*TJ*096386775~LX*1~CLP*NANCY SAXT0NL*19*125*41.17*22.62*MB*0813161180190*11~NM1*QC*1*BAUER JR*WALTER*W***HN*146286708A~NM1*TT*2*HORIZON BCBS OF NEW JERSEY*****PI*00019~MOA***MA01*MA18~DTM*050*20130610~SVC*HC:90834*125*41.17**1~DTM*472*20130529~CAS*CO*45*60.37**223*0.84~CAS*PR*2*10.5**122*12.12~REF*6R*LX#01~REF*LU*11~AMT*B6*64.63~CLP*NANCY SAXT0N*19*250*82.34*45.24*MB*0813161180200*11~NM1*QC*1*BOCCHINO*MARIANNE****HN*156327016A~NM1*TT*2*HORIZON BCBS OF NEW JERSEY*****PI*80003~MOA***MA01*MA18~DTM*050*20130610~SVC*HC:90834*125*41.17**1~DTM*472*20130522~CAS*CO*45*60.37**223*0.84~CAS*PR*2*10.5**122*12.12~REF*6R*LX#01~REF*LU*11~AMT*B6*64.63~SVC*HC:90834*125*41.17**1~DTM*472*20130530~CAS*CO*45*60.37**223*0.84~CAS*PR*2*10.5**122*12.12~REF*6R*LX#02~REF*LU*11~AMT*B6*64.63~CLP*NANCY SAXT0NL*19*125*41.17*22.62*MB*0813161180210*11~NM1*QC*1*DANIEL*JANE****HN*058402469T~NM1*TT*2*UNITEDHEALTHCARE*****PI*00082~MOA***MA01*MA27*MA18~DTM*050*20130610~SVC*HC:90834*125*41.17**1~DTM*472*20130601~CAS*CO*45*60.37**223*0.84~CAS*PR*2*10.5**122*12.12~REF*6R*LX#01~REF*LU*11~AMT*B6*64.63~CLP*075404819 T*19*250*82.34*45.24*MB*0813161180240*11~NM1*QC*1*HEMPHILL*PATRICIA****HN*075404819T~NM1*TT*2*UNITEDHEALTH GROUP*****PI*30002~MOA***MA01*MA18~DTM*050*20130610~SVC*HC:90834*125*41.17**1~DTM*472*20130521~CAS*CO*45*60.37**223*0.84~CAS*PR*2*10.5**122*12.12~REF*6R*LX#01~REF*LU*11~AMT*B6*64.63~SVC*HC:90834*125*41.17**1~DTM*472*20130531~CAS*CO*45*60.37**223*0.84~CAS*PR*2*10.5**122*12.12~REF*6R*LX#02~REF*LU*11~AMT*B6*64.63~CLP*NANCY SAXT0NL*1*125*41.17*22.62*MB*0813161180220*11~NM1*QC*1*LAURITANO*AMY****HN*141844679A~MOA***MA01~DTM*050*20130610~SVC*HC:90834*125*41.17**1~DTM*472*20130520~CAS*CO*45*60.37**223*0.84~CAS*PR*2*10.5**122*12.12~REF*6R*LX#01~REF*LU*11~AMT*B6*64.63~CLP*0*19*125*41.17*22.62*MB*0813161180230*11~NM1*QC*1*LAURITANO*BETSY****HN*147344697A~NM1*TT*2*HORIZON BCBS OF NEW JERSEY*****PI*30013~MOA***MA01*MA18~DTM*050*20130610~SVC*HC:90834*125*41.17**1~DTM*472*20130601~CAS*CO*45*60.37**223*0.84~CAS*PR*2*10.5**122*12.12~REF*6R*LX#01~REF*LU*11~AMT*B6*64.63~SE*102*0002~ST*835*0003~BPR*I*160.23*C*ACH*CCP*01*081517693*DA*152302017073*1205296137**01*021200339*DA*381006409421*20130709~TRN*1*885718714*1205296137~REF*EV*1929361~DTM*405*20130708~N1*PR*NOVITAS SOLUTIONS, INC.~N3*PO BOX 890031~N4*CAMP HILL*PA*170890031~REF*2U*12402~PER*CX**TE*8772358073~PER*BL*NOVITAS SOLUTIONS, INC. EDI SERVICES*TE*8772358073*EX*1*EM*WEBSITEEDI@NOVITAS_SOLUTIONS.COM~N1*PE*CYNTHIA M. BRATMAN  CP*XX*1184788275~N3*SUITE 209*20 NASSAU ST~N4*PRINCETON*NJ*085424509~REF*TJ*200286572~LX*1~CLP*CYNTH1A BRATMA*19*525*160.23*88.05*MB*0813161161690*11~NM1*QC*1*KUDRA*TARA****HN*194584895A~NM1*TT*2*COMMONWEALTH OF PENNSYLVANIA*****PI*70031~MOA***MA01*MA27*MA07~DTM*050*20130610~SVC*HC:90834*175*53.41**1~DTM*472*20130528~CAS*CO*45*91.15**223*1.09~CAS*PR*2*13.63**122*15.72~REF*6R*LX#01~REF*LU*11~AMT*B6*83.85~SVC*HC:90834*175*53.41**1~DTM*472*20130529~CAS*CO*45*91.15**223*1.09~CAS*PR*2*13.63**122*15.72~REF*6R*LX#02~REF*LU*11~AMT*B6*83.85~SVC*HC:90834*175*53.41**1~DTM*472*20130530~CAS*CO*45*91.15**223*1.09~CAS*PR*2*13.63**122*15.72~REF*6R*LX#03~REF*LU*11~AMT*B6*83.85~SE*43*0003~ST*835*0004~BPR*I*864.57*C*ACH*CCP*01*081517693*DA*152302017073*1205296137**01*021200339*DA*009001064684*20130709~TRN*1*885715678*1205296137~REF*EV*1929361~DTM*405*20130708~N1*PR*NOVITAS SOLUTIONS, INC.~N3*PO BOX 890031~N4*CAMP HILL*PA*170890031~REF*2U*12402~PER*CX**TE*8772358073~PER*BL*NOVITAS SOLUTIONS, INC. EDI SERVICES*TE*8772358073*EX*1*EM*WEBSITEEDI@NOVITAS_SOLUTIONS.COM~N1*PE*EUNICE P. EUROPA*XX*1205985884~N3*28 MORRIS ROAD~N4*TENAFLY*NJ*076702427~REF*TJ*141305923~LX*1~CLP*092368750M*19*300*82.34*45.24*MB*0813161180050*11~NM1*QC*1*FOX*LINDA****HN*092368750M~NM1*TT*2*NJ DEPT. OF HUMAN SERVICES*****PI*70079~MOA***MA01*MA07~DTM*050*20130610~SVC*HC:90834*150*41.17**1~DTM*472*20130522~CAS*CO*45*85.37**223*0.84~CAS*PR*2*10.5**122*12.12~REF*6R*LX#01~REF*LU*11~AMT*B6*64.63~SVC*HC:90834*150*41.17**1~DTM*472*20130529~CAS*CO*45*85.37**223*0.84~CAS*PR*2*10.5**122*12.12~REF*6R*LX#02~REF*LU*11~AMT*B6*64.63~CLP*092368750 M*19*450*123.51*67.86*MB*0813161180060*11~NM1*QC*1*FOX*LINDA****HN*092368750M~NM1*TT*2*NJ DEPT. OF HUMAN SERVICES*****PI*70079~MOA***MA01*MA07~DTM*050*20130610~SVC*HC:90834*150*41.17**1~DTM*472*20130501~CAS*CO*45*85.37**223*0.84~CAS*PR*2*10.5**122*12.12~REF*6R*LX#01~REF*LU*11~AMT*B6*64.63~SVC*HC:90834*150*41.17**1~DTM*472*20130508~CAS*CO*45*85.37**223*0.84~CAS*PR*2*10.5**122*12.12~REF*6R*LX#02~REF*LU*11~AMT*B6*64.63~SVC*HC:90834*150*41.17**1~DTM*472*20130515~CAS*CO*45*85.37**223*0.84~CAS*PR*2*10.5**122*12.12~REF*6R*LX#03~REF*LU*11~AMT*B6*64.63~CLP*155324974A*1*450*123.51*67.86*MB*0813161180040*11~NM1*QC*1*GOODNOUGH*SUSAN****HN*155324974A~MOA***MA01~DTM*050*20130610~SVC*HC:90834*150*41.17**1~DTM*472*20130521~CAS*CO*45*85.37**223*0.84~CAS*PR*2*10.5**122*12.12~REF*6R*LX#01~REF*LU*11~AMT*B6*64.63~SVC*HC:90834*150*41.17**1~DTM*472*20130522~CAS*CO*45*85.37**223*0.84~CAS*PR*2*10.5**122*12.12~REF*6R*LX#02~REF*LU*11~AMT*B6*64.63~SVC*HC:90834*150*41.17**1~DTM*472*20130529~CAS*CO*45*85.37**223*0.84~CAS*PR*2*10.5**122*12.12~REF*6R*LX#03~REF*LU*11~AMT*B6*64.63~CLP*155324974A*1*450*123.51*67.86*MB*0813161180070*11~NM1*QC*1*GOODNOUGH*SUSAN****HN*155324974A~MOA***MA01~DTM*050*20130610~SVC*HC:90834*150*41.17**1~DTM*472*20130501~CAS*CO*45*85.37**223*0.84~CAS*PR*2*10.5**122*12.12~REF*6R*LX#01~REF*LU*11~AMT*B6*64.63~SVC*HC:90834*150*41.17**1~DTM*472*20130508~CAS*CO*45*85.37**223*0.84~CAS*PR*2*10.5**122*12.12~REF*6R*LX#02~REF*LU*11~AMT*B6*64.63~SVC*HC:90834*150*41.17**1~DTM*472*20130515~CAS*CO*45*85.37**223*0.84~CAS*PR*2*10.5**122*12.12~REF*6R*LX#03~REF*LU*11~AMT*B6*64.63~CLP*156303340A*1*375*123.51*67.86*MB*0813161180080*11~NM1*QC*1*ST JOHN*CAROL*C***HN*156303340A~MOA***MA01~DTM*050*20130610~SVC*HC:90834*125*41.17**1~DTM*472*20130507~CAS*CO*45*60.37**223*0.84~CAS*PR*2*10.5**122*12.12~REF*6R*LX#01~REF*LU*11~AMT*B6*64.63~SVC*HC:90834*125*41.17**1~DTM*472*20130514~CAS*CO*45*60.37**223*0.84~CAS*PR*2*10.5**122*12.12~REF*6R*LX#02~REF*LU*11~AMT*B6*64.63~SVC*HC:90834*125*41.17**1~DTM*472*20130515~CAS*CO*45*60.37**223*0.84~CAS*PR*2*10.5**122*12.12~REF*6R*LX#03~REF*LU*11~AMT*B6*64.63~CLP*156303340A*1*375*123.51*67.86*MB*0813161180260*11~NM1*QC*1*ST JOHN*CAROL*C***HN*156303340A~MOA***MA01~DTM*050*20130610~SVC*HC:90834*125*41.17**1~DTM*472*20130521~CAS*CO*45*60.37**223*0.84~CAS*PR*2*10.5**122*12.12~REF*6R*LX#01~REF*LU*11~AMT*B6*64.63~SVC*HC:90834*125*41.17**1~DTM*472*20130522~CAS*CO*45*60.37**223*0.84~CAS*PR*2*10.5**122*12.12~REF*6R*LX#02~REF*LU*11~AMT*B6*64.63~SVC*HC:90834*125*41.17**1~DTM*472*20130529~CAS*CO*45*60.37**223*0.84~CAS*PR*2*10.5**122*12.12~REF*6R*LX#03~REF*LU*11~AMT*B6*64.63~CLP*153522271A*1*300*82.34*45.24*MB*0813161180090*11~NM1*QC*1*WINE*DONNA****HN*153522271A~MOA***MA01~DTM*050*20130610~SVC*HC:90834*150*41.17**1~DTM*472*20130507~CAS*CO*45*85.37**223*0.84~CAS*PR*2*10.5**122*12.12~REF*6R*LX#01~REF*LU*11~AMT*B6*64.63~SVC*HC:90834*150*41.17**1~DTM*472*20130514~CAS*CO*45*85.37**223*0.84~CAS*PR*2*10.5**122*12.12~REF*6R*LX#02~REF*LU*11~AMT*B6*64.63~CLP*153522271A*1*300*82.34*45.24*MB*0813161180250*11~NM1*QC*1*WINE*DONNA****HN*153522271A~MOA***MA01~DTM*050*20130610~SVC*HC:90834*150*41.17**1~DTM*472*20130521~CAS*CO*45*85.37**223*0.84~CAS*PR*2*10.5**122*12.12~REF*6R*LX#01~REF*LU*11~AMT*B6*64.63~SVC*HC:90834*150*41.17**1~DTM*472*20130529~CAS*CO*45*85.37**223*0.84~CAS*PR*2*10.5**122*12.12~REF*6R*LX#02~REF*LU*11~AMT*B6*64.63~SE*198*0004~ST*835*0005~BPR*I*494.01*C*ACH*CCP*01*081517693*DA*152302017073*1205296137**01*021200339*DA*000023232862*20130709~TRN*1*885719704*1205296137~REF*EV*1929361~DTM*405*20130708~N1*PR*NOVITAS SOLUTIONS, INC.~N3*PO BOX 890031~N4*CAMP HILL*PA*170890031~REF*2U*12402~PER*CX**TE*8772358073~PER*BL*NOVITAS SOLUTIONS, INC. EDI SERVICES*TE*8772358073*EX*1*EM*WEBSITEEDI@NOVITAS_SOLUTIONS.COM~N1*PE*OWEN K. ISAACS III*XX*1235293879~N3*SUITE 201*29 CLYDE ROAD~N4*SOMERSET*NJ*088735040~REF*TJ*153327013~LX*1~CLP*0WEN K 1SAACS*1*300*109.78*60.32*MB*0813161179910*11~NM1*QC*1*ALEVRITIS*DORINDA****HN*152643242A~MOA***MA01~DTM*050*20130610~SVC*HC:90834*150*54.89**1~DTM*472*20130507~CAS*CO*45*63.83**223*1.12~CAS*PR*2*14**122*16.16~REF*6R*LX#01~REF*LU*11~AMT*B6*86.17~SVC*HC:90834*150*54.89**1~DTM*472*20130521~CAS*CO*45*63.83**223*1.12~CAS*PR*2*14**122*16.16~REF*6R*LX#02~REF*LU*11~AMT*B6*86.17~CLP*0WEN K 1SAACS*19*300*109.78*60.32*MB*0813161179920*11~NM1*QC*1*GONZALES*EVELYN****HN*264745303A~NM1*TT*2*MUTUAL OF OMAHA INSURANCE COMP*****PI*30090~MOA***MA01*MA18~DTM*050*20130610~SVC*HC:90834*150*54.89**1~DTM*472*20130514~CAS*CO*45*63.83**223*1.12~CAS*PR*2*14**122*16.16~REF*6R*LX#01~REF*LU*11~AMT*B6*86.17~SVC*HC:90834*150*54.89**1~DTM*472*20130528~CAS*CO*45*63.83**223*1.12~CAS*PR*2*14**122*16.16~REF*6R*LX#02~REF*LU*11~AMT*B6*86.17~CLP*0*1*300*109.78*60.32*MB*0813161179930*11~NM1*QC*1*HILLSMAN*RODNEY*E***HN*145566109A~MOA***MA01~DTM*050*20130610~SVC*HC:90834*150*54.89**1~DTM*472*20130508~CAS*CO*45*63.83**223*1.12~CAS*PR*2*14**122*16.16~REF*6R*LX#01~REF*LU*11~AMT*B6*86.17~SVC*HC:90834*150*54.89**1~DTM*472*20130522~CAS*CO*45*63.83**223*1.12~CAS*PR*2*14**122*16.16~REF*6R*LX#02~REF*LU*11~AMT*B6*86.17~CLP*0*1*450*164.67*90.48*MB*0813161179940*11~NM1*QC*1*SHANAHAN*COLIN*F***HN*151540846A~MOA***MA01~DTM*050*20130610~SVC*HC:90834*150*54.89**1~DTM*472*20130501~CAS*CO*45*63.83**223*1.12~CAS*PR*2*14**122*16.16~REF*6R*LX#01~REF*LU*11~AMT*B6*86.17~SVC*HC:90834*150*54.89**1~DTM*472*20130515~CAS*CO*45*63.83**223*1.12~CAS*PR*2*14**122*16.16~REF*6R*LX#02~REF*LU*11~AMT*B6*86.17~SVC*HC:90834*150*54.89**1~DTM*472*20130529~CAS*CO*45*63.83**223*1.12~CAS*PR*2*14**122*16.16~REF*6R*LX#03~REF*LU*11~AMT*B6*86.17~SE*97*0005~ST*835*0006~BPR*I*737.8*C*ACH*CCP*01*081517693*DA*152302017073*1205296137**01*021200025*DA*2000031302801*20130709~TRN*1*885719873*1205296137~REF*EV*1929361~DTM*405*20130708~N1*PR*NOVITAS SOLUTIONS, INC.~N3*PO BOX 890031~N4*CAMP HILL*PA*170890031~REF*2U*12402~PER*CX**TE*8772358073~PER*BL*NOVITAS SOLUTIONS, INC. EDI SERVICES*TE*8772358073*EX*1*EM*WEBSITEEDI@NOVITAS_SOLUTIONS.COM~N1*PE*DAVID SIEGMAN  CP*XX*1306926589~N3*STE 140*47 RARITAN AVE~N4*HIGHLAND PARK*NJ*089042440~REF*TJ*300450564~LX*1~CLP*145242174A*19*180*54.89*30.16*MB*0813161179960*11~NM1*QC*1*FISHER*JEWEL*S***HN*145242174A~NM1*TT*2*HORIZON BCBS OF NEW JERSEY*****PI*00019~MOA***MA01*MA18~DTM*050*20130610~SVC*HC:90834*180*54.89**1~DTM*472*20130521~CAS*CO*45*93.83**223*1.12~CAS*PR*2*14**122*16.16~REF*6R*LX#01~REF*LU*11~AMT*B6*86.17~CLP*135363133 A*19*540*164.67*90.48*MB*0813161179990*11~NM1*QC*1*GALLOF*CAROLE*S***HN*135363133A~NM1*TT*2*AMERICAN CONTINENTAL INSU.*****PI*30074~MOA***MA01*MA18~DTM*050*20130610~SVC*HC:90834*180*54.89**1~DTM*472*20130520~CAS*CO*45*93.83**223*1.12~CAS*PR*2*14**122*16.16~REF*6R*LX#01~REF*LU*11~AMT*B6*86.17~SVC*HC:90834*180*54.89**1~DTM*472*20130529~CAS*CO*45*93.83**223*1.12~CAS*PR*2*14**122*16.16~REF*6R*LX#02~REF*LU*11~AMT*B6*86.17~SVC*HC:90834*180*54.89**1~DTM*472*20130531~CAS*CO*45*93.83**223*1.12~CAS*PR*2*14**122*16.16~REF*6R*LX#03~REF*LU*11~AMT*B6*86.17~CLP*155344826 A*19*360*109.78*60.32*MB*0813161180000*11~NM1*QC*1*HENRY*LYNNE****HN*155344826A~NM1*TT*2*UNITEDHEALTHCARE*****PI*00082~MOA***MA01*MA18~DTM*050*20130610~SVC*HC:90834*180*54.89**1~DTM*472*20130522~CAS*CO*45*93.83**223*1.12~CAS*PR*2*14**122*16.16~REF*6R*LX#01~REF*LU*11~AMT*B6*86.17~SVC*HC:90834*180*54.89**1~DTM*472*20130531~CAS*CO*45*93.83**223*1.12~CAS*PR*2*14**122*16.16~REF*6R*LX#02~REF*LU*11~AMT*B6*86.17~CLP*143527616 A*19*180*54.89*30.16*MB*0813161180010*11~NM1*QC*1*MINDELL*STEPHEN****HN*143527616A~NM1*TT*2*UNITEDHEALTH GROUP*****PI*30002~MOA***MA01*MA18~DTM*050*20130610~SVC*HC:90834*180*54.89**1~DTM*472*20130523~CAS*CO*45*93.83**223*1.12~CAS*PR*2*14**122*16.16~REF*6R*LX#01~REF*LU*11~AMT*B6*86.17~CLP*0*19*595*243.79*95.95*MB*0813161179950*11~NM1*QC*1*ROTHWEILER*L*N***HN*149280307A~NM1*TT*2*CONNECTICUT GENERAL LIFE INS CO*****PI*00018~MOA***MA01*MA18~DTM*050*20130610~SVC*HC:90791*225*129.12**1~DTM*472*20130517~CAS*CO*45*60.3**223*2.64~CAS*PR*2*32.94~REF*6R*LX#01~REF*LU*11~AMT*B6*164.7~SVC*HC:90847*190*59.78**1~DTM*472*20130521~CAS*CO*45*96.15**223*1.22~CAS*PR*2*15.25**122*17.6~REF*6R*LX#02~REF*LU*11~AMT*B6*93.85~SVC*HC:90834*180*54.89**1~DTM*472*20130529~CAS*CO*45*93.83**223*1.12~CAS*PR*2*14**122*16.16~REF*6R*LX#03~REF*LU*11~AMT*B6*86.17~CLP*135363385A*19*180*54.89*30.16*MB*0813161180020*11~NM1*QC*1*SCHREIBER*BARRY*J***HN*135363385A~NM1*TT*2*UNITEDHEALTHCARE*****PI*00082~MOA***MA01*MA18~DTM*050*20130610~SVC*HC:90834*180*54.89**1~DTM*472*20130523~CAS*CO*45*93.83**223*1.12~CAS*PR*2*14**122*16.16~REF*6R*LX#01~REF*LU*11~AMT*B6*86.17~CLP*229235846A*1*180*54.89*30.16*MB*0813161180030*11~NM1*QC*1*SHAWKY*NOHA*B***HN*229235846A~MOA***MA01~DTM*050*20130610~SVC*HC:90834*180*54.89**1~DTM*472*20130530~CAS*CO*45*93.83**223*1.12~CAS*PR*2*14**122*16.16~REF*6R*LX#01~REF*LU*11~AMT*B6*86.17~SE*135*0006~ST*835*0007~BPR*I*1207.58*C*ACH*CCP*01*081517693*DA*152302017073*1205296137**01*221283512*DA*95665700570381*20130709~TRN*1*885719538*1205296137~REF*EV*1929361~DTM*405*20130708~N1*PR*NOVITAS SOLUTIONS, INC.~N3*PO BOX 890031~N4*CAMP HILL*PA*170890031~REF*2U*12402~PER*CX**TE*8772358073~PER*BL*NOVITAS SOLUTIONS, INC. EDI SERVICES*TE*8772358073*EX*1*EM*WEBSITEEDI@NOVITAS_SOLUTIONS.COM~N1*PE*KAREN G. WAY*XX*1477603942~N3*38 JUNIPER LANE~N4*PISCATAWAY*NJ*088545632~REF*TJ*264523736~LX*1~CLP*088460853A*19*900*329.34*180.96*MB*0813161180410*11~NM1*QC*1*ARON*JOANNA*D***HN*088460853A~NM1*TT*2*GHI PPO*****PI*00035~MOA***MA01*MA18~DTM*050*20130610~SVC*HC:90834*150*54.89**1~DTM*472*20130520~CAS*CO*45*63.83**223*1.12~CAS*PR*2*14**122*16.16~REF*6R*LX#01~REF*LU*11~AMT*B6*86.17~SVC*HC:90834*150*54.89**1~DTM*472*20130522~CAS*CO*45*63.83**223*1.12~CAS*PR*2*14**122*16.16~REF*6R*LX#02~REF*LU*11~AMT*B6*86.17~SVC*HC:90834*150*54.89**1~DTM*472*20130524~CAS*CO*45*63.83**223*1.12~CAS*PR*2*14**122*16.16~REF*6R*LX#03~REF*LU*11~AMT*B6*86.17~SVC*HC:90834*150*54.89**1~DTM*472*20130528~CAS*CO*45*63.83**223*1.12~CAS*PR*2*14**122*16.16~REF*6R*LX#04~REF*LU*11~AMT*B6*86.17~SVC*HC:90834*150*54.89**1~DTM*472*20130529~CAS*CO*45*63.83**223*1.12~CAS*PR*2*14**122*16.16~REF*6R*LX#05~REF*LU*11~AMT*B6*86.17~SVC*HC:90834*150*54.89**1~DTM*472*20130531~CAS*CO*45*63.83**223*1.12~CAS*PR*2*14**122*16.16~REF*6R*LX#06~REF*LU*11~AMT*B6*86.17~CLP*152423142W*19*300*109.78*60.32*MB*0813161180420*11~NM1*QC*1*BERBAUM*JOANNE*I***HN*152423142W~NM1*TT*2*HORIZON BCBS OF NEW JERSEY*****PI*30013~MOA***MA01*MA18~DTM*050*20130610~SVC*HC:90834*150*54.89**1~DTM*472*20130524~CAS*CO*45*63.83**223*1.12~CAS*PR*2*14**122*16.16~REF*6R*LX#01~REF*LU*11~AMT*B6*86.17~SVC*HC:90834*150*54.89**1~DTM*472*20130531~CAS*CO*45*63.83**223*1.12~CAS*PR*2*14**122*16.16~REF*6R*LX#02~REF*LU*11~AMT*B6*86.17~CLP*140784147 A*1*600*219.56*120.64*MB*0813161180430*11~NM1*QC*1*FOSTER*KELLY****HN*140784147A~MOA***MA01~DTM*050*20130610~SVC*HC:90834*150*54.89**1~DTM*472*20130521~CAS*CO*45*63.83**223*1.12~CAS*PR*2*14**122*16.16~REF*6R*LX#01~REF*LU*11~AMT*B6*86.17~SVC*HC:90834*150*54.89**1~DTM*472*20130524~CAS*CO*45*63.83**223*1.12~CAS*PR*2*14**122*16.16~REF*6R*LX#02~REF*LU*11~AMT*B6*86.17~SVC*HC:90834*150*54.89**1~DTM*472*20130528~CAS*CO*45*63.83**223*1.12~CAS*PR*2*14**122*16.16~REF*6R*LX#03~REF*LU*11~AMT*B6*86.17~SVC*HC:90834*150*54.89**1~DTM*472*20130531~CAS*CO*45*63.83**223*1.12~CAS*PR*2*14**122*16.16~REF*6R*LX#04~REF*LU*11~AMT*B6*86.17~CLP*156560448A*19*150*54.89*30.16*MB*0813161180440*11~NM1*QC*1*FRAMPTON*STEPHEN****HN*156560448A~NM1*TT*2*NJ DEPT. OF HUMAN SERVICES*****PI*70077~MOA***MA01*MA07~DTM*050*20130610~SVC*HC:90834*150*54.89**1~DTM*472*20130530~CAS*CO*45*63.83**223*1.12~CAS*PR*2*14**122*16.16~REF*6R*LX#01~REF*LU*11~AMT*B6*86.17~CLP*026662235A*19*150*54.89*30.16*MB*0813161180450*11~NM1*QC*1*GRIMALDI*JENNIFER****HN*026662235A~NM1*TT*2*NJ DEPT. OF HUMAN SERVICES*****PI*70078~MOA***MA01*MA07~DTM*050*20130610~SVC*HC:90834*150*54.89**1~DTM*472*20130520~CAS*CO*45*63.83**223*1.12~CAS*PR*2*14**122*16.16~REF*6R*LX#01~REF*LU*11~AMT*B6*86.17~CLP*135742336 A*19*300*109.78*60.32*MB*0813161180460*11~NM1*QC*1*HAMMOND*NORMAN****HN*135742336A~NM1*TT*2*NJ DEPT. OF HUMAN SERVICES*****PI*70080~MOA***MA01*MA07~DTM*050*20130610~SVC*HC:90834*150*54.89**1~DTM*472*20130521~CAS*CO*45*63.83**223*1.12~CAS*PR*2*14**122*16.16~REF*6R*LX#01~REF*LU*11~AMT*B6*86.17~SVC*HC:90834*150*54.89**1~DTM*472*20130528~CAS*CO*45*63.83**223*1.12~CAS*PR*2*14**122*16.16~REF*6R*LX#02~REF*LU*11~AMT*B6*86.17~CLP*124704137 A*19*300*109.78*60.32*MB*0813161180470*11~NM1*QC*1*KIM*SUN****HN*124704137A~NM1*TT*2*NJ DEPT. OF HUMAN SERVICES*****PI*70077~MOA***MA01*MA07~DTM*050*20130610~SVC*HC:90834*150*54.89**1~DTM*472*20130521~CAS*CO*45*63.83**223*1.12~CAS*PR*2*14**122*16.16~REF*6R*LX#01~REF*LU*11~AMT*B6*86.17~SVC*HC:90834*150*54.89**1~DTM*472*20130529~CAS*CO*45*63.83**223*1.12~CAS*PR*2*14**122*16.16~REF*6R*LX#02~REF*LU*11~AMT*B6*86.17~CLP*092622947A*1*150*54.89*30.16*MB*0813161180480*11~NM1*QC*1*MCGUINNESS*JUDITH****HN*092622947A~MOA***MA01~DTM*050*20130610~SVC*HC:90834*150*54.89**1~DTM*472*20130523~CAS*CO*45*63.83**223*1.12~CAS*PR*2*14**122*16.16~REF*6R*LX#01~REF*LU*11~AMT*B6*86.17~CLP*139762323 A*1*150*54.89*30.16*MB*0813161180120*11~NM1*QC*1*STAFFORD*JAMES****HN*139762323A~MOA***MA01~DTM*050*20130610~SVC*HC:90834*150*54.89**1~DTM*472*20130521~CAS*CO*45*63.83**223*1.12~CAS*PR*2*14**122*16.16~REF*6R*LX#01~REF*LU*11~AMT*B6*86.17~CLP*135405190 A*19*300*109.78*60.32*MB*0813161180130*11~NM1*QC*1*ZABOROWSKI*RAYMOND*T***HN*135405190A~NM1*TT*2*NJ DEPT. OF HUMAN SERVICES*****PI*70078~MOA***MA01*MA07~DTM*050*20130610~SVC*HC:90834*150*54.89**1~DTM*472*20130522~CAS*CO*45*63.83**223*1.12~CAS*PR*2*14**122*16.16~REF*6R*LX#01~REF*LU*11~AMT*B6*86.17~SVC*HC:90834*150*54.89**1~DTM*472*20130529~CAS*CO*45*63.83**223*1.12~CAS*PR*2*14**122*16.16~REF*6R*LX#02~REF*LU*11~AMT*B6*86.17~SE*218*0007~ST*835*0008~BPR*I*2646.08*C*ACH*CCP*01*081517693*DA*152302017073*1205296137**01*021200339*DA*381029922480*20130709~TRN*1*885715466*1205296137~REF*EV*1929361~DTM*405*20130708~N1*PR*NOVITAS SOLUTIONS, INC.~N3*PO BOX 890031~N4*CAMP HILL*PA*170890031~REF*2U*12402~PER*CX**TE*8772358073~PER*BL*NOVITAS SOLUTIONS, INC. EDI SERVICES*TE*8772358073*EX*1*EM*WEBSITEEDI@NOVITAS_SOLUTIONS.COM~N1*PE*PATRICIA R. MCGRAW*XX*1487899340~N3*SUITE 205*680 KINDERKAMACK RD~N4*ORADELL*NJ*076491600~REF*TJ*172408630~LX*1~CLP*0*19*1350*334.94*180.96*MB*0813161180280*11~NM1*QC*1*BARELKOUSKY*YAFFA****HN*469626040A~NM1*TT*2*UNITEDHEALTH GROUP*****PI*30002~MOA***MA01*MA18~DTM*050*20130610~SVC*HC:90834*225*56.01**1~DTM*472*20130220~CAS*CO*45*138.83~CAS*PR*2*14**122*16.16~REF*6R*LX#01~REF*LU*11~AMT*B6*86.17~SVC*HC:90834*225*56.01**1~DTM*472*20130227~CAS*CO*45*138.83~CAS*PR*2*14**122*16.16~REF*6R*LX#02~REF*LU*11~AMT*B6*86.17~SVC*HC:90834*225*56.01**1~DTM*472*20130306~CAS*CO*45*138.83~CAS*PR*2*14**122*16.16~REF*6R*LX#03~REF*LU*11~AMT*B6*86.17~SVC*HC:90834*225*56.01**1~DTM*472*20130320~CAS*CO*45*138.83~CAS*PR*2*14**122*16.16~REF*6R*LX#04~REF*LU*11~AMT*B6*86.17~SVC*HC:90834*225*56.01**1~DTM*472*20130327~CAS*CO*45*138.83~CAS*PR*2*14**122*16.16~REF*6R*LX#05~REF*LU*11~AMT*B6*86.17~SVC*HC:90834*225*54.89**1~DTM*472*20130403~CAS*CO*45*138.83**223*1.12~CAS*PR*2*14**122*16.16~REF*6R*LX#06~REF*LU*11~AMT*B6*86.17~CLP*0*19*1375*324.38*178.24*MB*0813161180290*11~NM1*QC*1*BARELKOUSKY*YAFFA****HN*469626040A~NM1*TT*2*UNITEDHEALTH GROUP*****PI*30002~MOA***MA01*MA18~DTM*050*20130610~SVC*HC:90834*225*54.89**1~DTM*472*20130410~CAS*CO*45*138.83**223*1.12~CAS*PR*2*14**122*16.16~REF*6R*LX#01~REF*LU*11~AMT*B6*86.17~SVC*HC:90834*225*54.89**1~DTM*472*20130417~CAS*CO*45*138.83**223*1.12~CAS*PR*2*14**122*16.16~REF*6R*LX#02~REF*LU*11~AMT*B6*86.17~SVC*HC:90834*225*54.89**1~DTM*472*20130424~CAS*CO*45*138.83**223*1.12~CAS*PR*2*14**122*16.16~REF*6R*LX#03~REF*LU*11~AMT*B6*86.17~SVC*HC:90846*250*49.93**1~DTM*472*20130501~CAS*CO*45*171.61**223*1.02~CAS*PR*2*12.74**122*14.7~REF*6R*LX#04~REF*LU*11~AMT*B6*78.39~SVC*HC:90834*225*54.89**1~DTM*472*20130508~CAS*CO*45*138.83**223*1.12~CAS*PR*2*14**122*16.16~REF*6R*LX#05~REF*LU*11~AMT*B6*86.17~SVC*HC:90834*225*54.89**1~DTM*472*20130515~CAS*CO*45*138.83**223*1.12~CAS*PR*2*14**122*16.16~REF*6R*LX#06~REF*LU*11~AMT*B6*86.17~CLP*0*19*1350*166.91*90.48*MB*0813161180350*11~NM1*QC*1*LOMAGLIO*MARION*A***HN*113286199A~NM1*TT*2*UNITEDHEALTH GROUP*****PI*30002~MOA***MA01*MA18~DTM*050*20130610~SVC*HC:90834*225*0**0**1~DTM*472*20130107~CAS*OA*18*225~REF*6R*LX#01~REF*LU*11~LQ*HE*N522~SVC*HC:90834*225*56.01**1~DTM*472*20130108~CAS*CO*45*138.83~CAS*PR*2*14**122*16.16~REF*6R*LX#02~REF*LU*11~AMT*B6*86.17~SVC*HC:90834*225*0**0**1~DTM*472*20130113~CAS*OA*18*225~REF*6R*LX#03~REF*LU*11~LQ*HE*N522~SVC*HC:90834*225*0**0**1~DTM*472*20130122~CAS*OA*18*225~REF*6R*LX#04~REF*LU*11~LQ*HE*N522~SVC*HC:90834*225*56.01**1~DTM*472*20130319~CAS*CO*45*138.83~CAS*PR*2*14**122*16.16~REF*6R*LX#05~REF*LU*11~AMT*B6*86.17~SVC*HC:90834*225*54.89**1~DTM*472*20130402~CAS*CO*45*138.83**223*1.12~CAS*PR*2*14**122*16.16~REF*6R*LX#06~REF*LU*11~AMT*B6*86.17~CLP*0*19*1350*329.34*180.96*MB*0813161180360*11~NM1*QC*1*LOMAGLIO*MARION*A***HN*113286199A~NM1*TT*2*UNITEDHEALTH GROUP*****PI*30002~MOA***MA01*MA18~DTM*050*20130610~SVC*HC:90834*225*54.89**1~DTM*472*20130409~CAS*CO*45*138.83**223*1.12~CAS*PR*2*14**122*16.16~REF*6R*LX#01~REF*LU*11~AMT*B6*86.17~SVC*HC:90834*225*54.89**1~DTM*472*20130416~CAS*CO*45*138.83**223*1.12~CAS*PR*2*14**122*16.16~REF*6R*LX#02~REF*LU*11~AMT*B6*86.17~SVC*HC:90834*225*54.89**1~DTM*472*20130423~CAS*CO*45*138.83**223*1.12~CAS*PR*2*14**122*16.16~REF*6R*LX#03~REF*LU*11~AMT*B6*86.17~SVC*HC:90834*225*54.89**1~DTM*472*20130430~CAS*CO*45*138.83**223*1.12~CAS*PR*2*14**122*16.16~REF*6R*LX#04~REF*LU*11~AMT*B6*86.17~SVC*HC:90834*225*54.89**1~DTM*472*20130507~CAS*CO*45*138.83**223*1.12~CAS*PR*2*14**122*16.16~REF*6R*LX#05~REF*LU*11~AMT*B6*86.17~SVC*HC:90834*225*54.89**1~DTM*472*20130514~CAS*CO*45*138.83**223*1.12~CAS*PR*2*14**122*16.16~REF*6R*LX#06~REF*LU*11~AMT*B6*86.17~CLP*0*19*225*54.89*30.16*MB*0813161180370*11~NM1*QC*1*LOMAGLIO*MARION*A***HN*113286199A~NM1*TT*2*UNITEDHEALTH GROUP*****PI*30002~MOA***MA01*MA18~DTM*050*20130610~SVC*HC:90834*225*54.89**1~DTM*472*20130520~CAS*CO*45*138.83**223*1.12~CAS*PR*2*14**122*16.16~REF*6R*LX#01~REF*LU*11~AMT*B6*86.17~CLP*0*19*1350*224.04*120.64*MB*0813161180300*11~NM1*QC*1*MENNONA JR*VINCENT****HN*124369064A~NM1*TT*2*UNITEDHEALTH GROUP*****PI*30002~MOA***MA01*MA18~DTM*050*20130610~SVC*HC:90834*225*0**0**1~DTM*472*20130108~CAS*OA*18*225~REF*6R*LX#01~REF*LU*11~LQ*HE*N522~SVC*HC:90834*225*0**0**1~DTM*472*20130122~CAS*OA*18*225~REF*6R*LX#02~REF*LU*11~LQ*HE*N522~SVC*HC:90834*225*56.01**1~DTM*472*20130129~CAS*CO*45*138.83~CAS*PR*2*14**122*16.16~REF*6R*LX#03~REF*LU*11~AMT*B6*86.17~SVC*HC:90834*225*56.01**1~DTM*472*20130213~CAS*CO*45*138.83~CAS*PR*2*14**122*16.16~REF*6R*LX#04~REF*LU*11~AMT*B6*86.17~SVC*HC:90834*225*56.01**1~DTM*472*20130220~CAS*CO*45*138.83~CAS*PR*2*14**122*16.16~REF*6R*LX#05~REF*LU*11~AMT*B6*86.17~SVC*HC:90834*225*56.01**1~DTM*472*20130227~CAS*CO*45*138.83~CAS*PR*2*14**122*16.16~REF*6R*LX#06~REF*LU*11~AMT*B6*86.17~CLP*PATR1CTA MCGRA*19*1350*332.7*180.96*MB*0813161180310*11~NM1*QC*1*MENNONA JR*VINCENT****HN*124369064A~NM1*TT*2*UNITEDHEALTH GROUP*****PI*30002~MOA***MA01*MA18~DTM*050*20130610~SVC*HC:90834*225*56.01**1~DTM*472*20130305~CAS*CO*45*138.83~CAS*PR*2*14**122*16.16~REF*6R*LX#01~REF*LU*11~AMT*B6*86.17~SVC*HC:90834*225*56.01**1~DTM*472*20130319~CAS*CO*45*138.83~CAS*PR*2*14**122*16.16~REF*6R*LX#02~REF*LU*11~AMT*B6*86.17~SVC*HC:90834*225*56.01**1~DTM*472*20130326~CAS*CO*45*138.83~CAS*PR*2*14**122*16.16~REF*6R*LX#03~REF*LU*11~AMT*B6*86.17~SVC*HC:90834*225*54.89**1~DTM*472*20130402~CAS*CO*45*138.83**223*1.12~CAS*PR*2*14**122*16.16~REF*6R*LX#04~REF*LU*11~AMT*B6*86.17~SVC*HC:90834*225*54.89**1~DTM*472*20130409~CAS*CO*45*138.83**223*1.12~CAS*PR*2*14**122*16.16~REF*6R*LX#05~REF*LU*11~AMT*B6*86.17~SVC*HC:90834*225*54.89**1~DTM*472*20130416~CAS*CO*45*138.83**223*1.12~CAS*PR*2*14**122*16.16~REF*6R*LX#06~REF*LU*11~AMT*B6*86.17~CLP*0*19*900*219.56*120.64*MB*0813161180320*11~NM1*QC*1*MENNONA JR*VINCENT****HN*124369064A~NM1*TT*2*UNITEDHEALTH GROUP*****PI*30002~MOA***MA01*MA18~DTM*050*20130610~SVC*HC:90834*225*54.89**1~DTM*472*20130423~CAS*CO*45*138.83**223*1.12~CAS*PR*2*14**122*16.16~REF*6R*LX#01~REF*LU*11~AMT*B6*86.17~SVC*HC:90834*225*54.89**1~DTM*472*20130430~CAS*CO*45*138.83**223*1.12~CAS*PR*2*14**122*16.16~REF*6R*LX#02~REF*LU*11~AMT*B6*86.17~SVC*HC:90834*225*54.89**1~DTM*472*20130507~CAS*CO*45*138.83**223*1.12~CAS*PR*2*14**122*16.16~REF*6R*LX#03~REF*LU*11~AMT*B6*86.17~SVC*HC:90834*225*54.89**1~DTM*472*20130514~CAS*CO*45*138.83**223*1.12~CAS*PR*2*14**122*16.16~REF*6R*LX#04~REF*LU*11~AMT*B6*86.17~CLP*0*19*1350*334.94*180.96*MB*0813161180330*11~NM1*QC*1*TRAETTA*JOHN****HN*110343521A~NM1*TT*2*GHI PPO*****PI*00036~MOA***MA01*MA18~DTM*050*20130610~SVC*HC:90834*225*56.01**1~DTM*472*20130220~CAS*CO*45*138.83~CAS*PR*2*14**122*16.16~REF*6R*LX#01~REF*LU*11~AMT*B6*86.17~SVC*HC:90834*225*56.01**1~DTM*472*20130227~CAS*CO*45*138.83~CAS*PR*2*14**122*16.16~REF*6R*LX#02~REF*LU*11~AMT*B6*86.17~SVC*HC:90834*225*56.01**1~DTM*472*20130306~CAS*CO*45*138.83~CAS*PR*2*14**122*16.16~REF*6R*LX#03~REF*LU*11~AMT*B6*86.17~SVC*HC:90834*225*56.01**1~DTM*472*20130313~CAS*CO*45*138.83~CAS*PR*2*14**122*16.16~REF*6R*LX#04~REF*LU*11~AMT*B6*86.17~SVC*HC:90834*225*56.01**1~DTM*472*20130327~CAS*CO*45*138.83~CAS*PR*2*14**122*16.16~REF*6R*LX#05~REF*LU*11~AMT*B6*86.17~SVC*HC:90834*225*54.89**1~DTM*472*20130403~CAS*CO*45*138.83**223*1.12~CAS*PR*2*14**122*16.16~REF*6R*LX#06~REF*LU*11~AMT*B6*86.17~CLP*PATR1C1A MCGRA*19*1375*324.38*178.24*MB*0813161180340*11~NM1*QC*1*TRAETTA*JOHN****HN*110343521A~NM1*TT*2*GHI PPO*****PI*00036~MOA***MA01*MA18~DTM*050*20130610~SVC*HC:90834*225*54.89**1~DTM*472*20130410~CAS*CO*45*138.83**223*1.12~CAS*PR*2*14**122*16.16~REF*6R*LX#01~REF*LU*11~AMT*B6*86.17~SVC*HC:90834*225*54.89**1~DTM*472*20130417~CAS*CO*45*138.83**223*1.12~CAS*PR*2*14**122*16.16~REF*6R*LX#02~REF*LU*11~AMT*B6*86.17~SVC*HC:90834*225*54.89**1~DTM*472*20130423~CAS*CO*45*138.83**223*1.12~CAS*PR*2*14**122*16.16~REF*6R*LX#03~REF*LU*11~AMT*B6*86.17~SVC*HC:90846*250*49.93**1~DTM*472*20130501~CAS*CO*45*171.61**223*1.02~CAS*PR*2*12.74**122*14.7~REF*6R*LX#04~REF*LU*11~AMT*B6*78.39~SVC*HC:90834*225*54.89**1~DTM*472*20130508~CAS*CO*45*138.83**223*1.12~CAS*PR*2*14**122*16.16~REF*6R*LX#05~REF*LU*11~AMT*B6*86.17~SVC*HC:90834*225*54.89**1~DTM*472*20130515~CAS*CO*45*138.83**223*1.12~CAS*PR*2*14**122*16.16~REF*6R*LX#06~REF*LU*11~AMT*B6*86.17~SE*433*0008~ST*835*0009~BPR*I*713.57*C*ACH*CCP*01*081517693*DA*152302017073*1205296137**01*221981063*DA*605274550000*20130709~TRN*1*885717295*1205296137~REF*EV*1929361~DTM*405*20130708~N1*PR*NOVITAS SOLUTIONS, INC.~N3*PO BOX 890031~N4*CAMP HILL*PA*170890031~REF*2U*12402~PER*CX**TE*8772358073~PER*BL*NOVITAS SOLUTIONS, INC. EDI SERVICES*TE*8772358073*EX*1*EM*WEBSITEEDI@NOVITAS_SOLUTIONS.COM~N1*PE*CATHERINE BIANCHI  CP*XX*1801923404~N3*44 ELM STREET~N4*MORRISTOWN*NJ*079604110~REF*TJ*056605274~LX*1~CLP*CATHER1NE B1AN*19*760*219.56*120.64*MB*0813161180110*11~NM1*QC*1*BELFORD*LINDA****HN*148366600A~NM1*TT*2*HORIZON BCBS OF NEW JERSEY*****PI*00019~MOA***MA01*MA18~DTM*050*20130610~SVC*HC:90834*190*54.89**1~DTM*472*20130501~CAS*CO*45*103.83**223*1.12~CAS*PR*2*14**122*16.16~REF*6R*LX#01~REF*LU*11~AMT*B6*86.17~SVC*HC:90834*190*54.89**1~DTM*472*20130508~CAS*CO*45*103.83**223*1.12~CAS*PR*2*14**122*16.16~REF*6R*LX#02~REF*LU*11~AMT*B6*86.17~SVC*HC:90834*190*54.89**1~DTM*472*20130515~CAS*CO*45*103.83**223*1.12~CAS*PR*2*14**122*16.16~REF*6R*LX#03~REF*LU*11~AMT*B6*86.17~SVC*HC:90834*190*54.89**1~DTM*472*20130529~CAS*CO*45*103.83**223*1.12~CAS*PR*2*14**122*16.16~REF*6R*LX#04~REF*LU*11~AMT*B6*86.17~CLP*0*19*410.6*219.56*120.64*MB*0813161179600*11~NM1*QC*1*FANNING*PHILIP*A***HN*140429567A~NM1*TT*2*UNITEDHEALTH GROUP*****PI*30002~MOA***MA01*MA18~DTM*050*20130610~SVC*HC:90834*102.65*54.89**1~DTM*472*20130509~CAS*CO*45*16.48**223*1.12~CAS*PR*2*14**122*16.16~REF*6R*LX#01~REF*LU*11~AMT*B6*86.17~SVC*HC:90834*102.65*54.89**1~DTM*472*20130516~CAS*CO*45*16.48**223*1.12~CAS*PR*2*14**122*16.16~REF*6R*LX#02~REF*LU*11~AMT*B6*86.17~SVC*HC:90834*102.65*54.89**1~DTM*472*20130530~CAS*CO*45*16.48**223*1.12~CAS*PR*2*14**122*16.16~REF*6R*LX#03~REF*LU*11~AMT*B6*86.17~SVC*HC:90834*102.65*54.89**1~DTM*472*20130531~CAS*CO*45*16.48**223*1.12~CAS*PR*2*14**122*16.16~REF*6R*LX#04~REF*LU*11~AMT*B6*86.17~CLP*0*19*513.25*274.45*150.8*MB*0813161179900*11~NM1*QC*1*NORDSTROM*KATHLEEN*R***HN*150482577A~NM1*TT*2*HORIZON BCBS OF NEW JERSEY*****PI*30013~MOA***MA01*MA18~DTM*050*20130610~SVC*HC:90834*102.65*54.89**1~DTM*472*20130502~CAS*CO*45*16.48**223*1.12~CAS*PR*2*14**122*16.16~REF*6R*LX#01~REF*LU*11~AMT*B6*86.17~SVC*HC:90834*102.65*54.89**1~DTM*472*20130506~CAS*CO*45*16.48**223*1.12~CAS*PR*2*14**122*16.16~REF*6R*LX#02~REF*LU*11~AMT*B6*86.17~SVC*HC:90834*102.65*54.89**1~DTM*472*20130513~CAS*CO*45*16.48**223*1.12~CAS*PR*2*14**122*16.16~REF*6R*LX#03~REF*LU*11~AMT*B6*86.17~SVC*HC:90834*102.65*54.89**1~DTM*472*20130516~CAS*CO*45*16.48**223*1.12~CAS*PR*2*14**122*16.16~REF*6R*LX#04~REF*LU*11~AMT*B6*86.17~SVC*HC:90834*102.65*54.89**1~DTM*472*20130530~CAS*CO*45*16.48**223*1.12~CAS*PR*2*14**122*16.16~REF*6R*LX#05~REF*LU*11~AMT*B6*86.17~SE*123*0009~GE*9*146508384~IEA*1*146508384~
