ISA*00*          *00*          *ZZ*330897513      *ZZ*ASSOCIATEDBC   *130712*1628*U*00401*146691885*0*P*:~GS*HP*330897513*ASSOCIATEDBC*20130712*1628*146691885*X*004010X091A1~ST*835*0001~BPR*I*20*C*ACH*CCP*01*031100225*DA*2079950064280/*1220999690**01*231372691*DA*0181143836*20130710~TRN*1*0003884809*1220999690*8352013071102480774~REF*EV*1902991391~DTM*405*20130710~N1*PR*HORIZON BCBSNJ~N3*PAYOR ADDRESS 1~N4*NEWARK*NJ*071010420~REF*2U*22099~N1*PE*M M WIESE WAIBEL LCSW*XX*1902991391~N3*800 RARITAN RD~N4*CLARK*NJ*070661710~REF*PQ*2621359190~REF*TJ*262135919~LX*1~CLP*11000A130626*1*125*0*125*12*780261318476114   00**1~NM1*QC*1*KOVATCH*LISA****MI*ROQ5052733500~NM1*82*2*M M WIESE WAIBEL LCSW*****XX*1902991391~DTM*050*20130703~DTM*232*20130619~DTM*233*20130619~SVC*HC:99199*125*0**1*HC:90834~DTM*472*20130619~CAS*PR*18*125~REF*6R*0~REF*HPI*1902991391~CLP*3HZN96735280*1*125*20*49*15*780271319038610   00**1~NM1*QC*1*MENDEZ*ERIKA****MI*YHC3HZN96735280~NM1*IL*1*MENDEZ*JUAN*C***MI*3HZN967352800~NM1*82*2*M M WIESE WAIBEL LCSW*****XX*1902991391~DTM*050*20130708~DTM*232*20130508~DTM*233*20130508~PER*CX*NATIONAL ACCOUNTS SERVICED IN MT.LAUREL*TE*8006244758~AMT*AU*69~AMT*T2*20~SVC*HC:99199*125*20**1*HC:90834~DTM*472*20130508~CAS*PR*204*49~CAS*CO*45*16~CAS*OA*204*40~REF*6R*000001~REF*HPI*1902991391~AMT*B6*69~SE*45*0001~GE*1*146691885~IEA*1*146691885~
