ISA*00*          *00*          *ZZ*330897513      *ZZ*ASSOCIATEDBC   *130713*0609*^*00501*146740951*0*P*:~GS*HP*330897513*ASSOCIATEDBC*20130713*0609*146740951*X*005010X221A1~ST*835*0001~BPR*I*33*C*ACH*CCP*01*055003201*DA*2000026932448*1522135463**01*031201360*DA*7869322623*20130712~TRN*1*144379*1522135463*IBC2~REF*EV*330897513~REF*F2*CAPS STL~DTM*405*20130712~N1*PR*MAGELLAN BEHAVIORAL HEALTH OF NEW JERSEY, LLC.~N3*P.O. BOX 1958~N4*MARYLAND HEIGHTS*MO*63043~PER*CX**TE*8006881911~PER*BL*MAGELLAN EDI*TE*3143875890~N1*PE*CENTER FOR PSYCHOLOGICAL SERVI*XX*1457686560~N3*491 AMWELL RD BLDG 1*STE 103~N4*HILLSBOROUGH*NJ*088448212~REF*TJ*263895688~LX*1~CLP*NA*1*175*33*40*HM*111651112~NM1*QC*1*DEPAOLA*JILL****MI*152645749BG~NM1*IL*1*DEPAOLA*MICHAEL****MI*152645749BG~NM1*82*1*DEMARZO*LAURA****XX*1255372603~REF*F8*13190001001388~DTM*050*20130709~DTM*232*20130515~DTM*233*20130515~SVC*HC:90834*175*33**1~DTM*472*20130515~CAS*CO*45*102~CAS*PR*3*40~REF*HPI*1255372603~AMT*B6*73~SE*31*0001~ST*835*0002~BPR*I*60*C*CHK************20130711~TRN*1*704559420*1411648670~REF*EV*870426777~REF*F2*1~DTM*405*20130712~N1*PR*CIGNA BEHAVIORAL HEALTH INC.~N3*P.O. BOX 182223~N4*CHATTANOOGA*TN*374227223~PER*BL*HP*EM*CLAIMS.INTAKE.APP.SUPPORT@HP.COM~PER*IC**UR*WWW.CIGNAFORHCP.COM~N1*PE*DEBRA D CHATMAN-FINLEY MS*XX*1346469632~N3*134 W END AVE # 2~N4*SOMERVILLE*NJ*088761816~REF*TJ*264224733~LX*1~CLP*724077352*1*280*60*80*13*9681319106755*11*1~NM1*QC*1*DRURY*SHANNON****MI*U4622015101~NM1*82*1*CHATMAN-FINLEY*DEBRA*D***FI*264224733~REF*1L*3332472~REF*CE*OPEN ACCESS PLUS~DTM*050*20130710~DTM*232*20130608~DTM*233*20130619~PER*CX*MEMBER SERVICES*TE*8002446224~AMT*AU*140~SVC*HC:90834*140*30**1~DTM*150*20130608~DTM*151*20130608~CAS*CO*45*70~CAS*PR*3*40~REF*6R*413724077352~AMT*B6*70~SVC*HC:90834*140*30**1~DTM*150*20130619~DTM*151*20130619~CAS*CO*45*70~CAS*PR*3*40~REF*6R*414724077352~AMT*B6*70~SE*41*0002~ST*835*0003~BPR*H*0*C*NON************20130712~TRN*1*8431319196919 20130711 0025593*1591031071~REF*EV*870426777~REF*F2*1~DTM*405*20130712~N1*PR*CIGNA HEALTH AND LIFE INSURANCE COMPANY~N3*P.O. BOX 182223~N4*CHATTANOOGA*TN*374227223~PER*BL*HP*EM*CLAIMS.INTAKE.APP.SUPPORT@HP.COM~PER*IC**UR*WWW.CIGNAFORHCP.COM~N1*PE*DEBRA D CHATMAN-FINLEY MS*XX*1346469632~N3*134 W END AVE # 2~N4*SOMERVILLE*NJ*088761816~REF*TJ*264224733~LX*1~CLP*724077439*4*140*0**13*8431319196919*11*1~NM1*QC*1*ZAMBRI*RANDEE****MI*U4283979101~NM1*82*1*CHATMAN-FINLEY*DEBRA*D***FI*264224733~REF*1L*2498647~REF*CE*OPEN ACCESS PLUS~DTM*050*20130710~DTM*232*20130611~DTM*233*20130611~PER*CX*MEMBER SERVICES*TE*8002446224~SVC*HC:90834*140*0~CAS*CO*18*140~REF*6R*443724077439~SE*29*0003~GE*3*146740951~IEA*1*146740951~
