ISA*00*          *00*          *ZZ*330897513      *ZZ*ASSOCIATEDBC   *130715*0615*^*00501*146798556*0*P*:~GS*HP*330897513*ASSOCIATEDBC*20130715*0615*146798556*X*005010X221A1~ST*835*0001~BPR*I*125*C*CHK************20130712~TRN*1*CC-30944845*1066033492~REF*EV*330897513~DTM*405*20130713~N1*PR*AETNA~N3*151 FARMINGTON AVENUE~N4*HARTFORD*CT*06156~PER*BL*PROVIDER SERVICE~N1*PE*CHATMAN-FINLEY, DEBRA D*XX*1346469632~N3*134 W END AVE FL 2~N4*SOMERVILLE*NJ*088761816~REF*PQ*183005000~REF*TJ*264224733~LX*1~TS3*1346469632*11*20131231*1*140~CLP*724077355*1*140*125*15*HM*130710E291200000*11*1~NM1*QC*1*GLOVER*ITIESHA****MI*BBTYBY6A~NM1*82*2*CHATMAN-FINLEY, DEBRA D*****XX*1346469632~REF*1L*01406E-046~REF*CE*NJ EMPLOYEE PLAN~DTM*050*20130710~DTM*232*20130605~DTM*233*20130605~PER*CX**TE*8006240756~AMT*AU*140~SVC*HC:90834*140*125**1~DTM*472*20130605~CAS*PR*3*15~REF*6R*415724077355~AMT*B6*140~SE*32*0001~GE*1*146798556~IEA*1*146798556~
