ISA*00*          *00*          *ZZ*330897513      *ZZ*ASSOCIATEDBC   *130715*1934*U*00401*146899292*0*P*:~GS*HP*330897513*ASSOCIATEDBC*20130715*1934*146899292*X*004010X091A1~ST*835*0001~BPR*I*45*C*ACH*CCP*01*031100225*DA*2079950064280/*1220999690**01*231372691*DA*0181143836*20130711~TRN*1*0003892185*1220999690*8352013071204120835~REF*EV*1902991391~DTM*405*20130711~N1*PR*HORIZON BCBSNJ~N3*PAYOR ADDRESS 1~N4*NEWARK*NJ*071010420~REF*2U*22099~N1*PE*M M WIESE WAIBEL LCSW*XX*1902991391~N3*800 RARITAN RD~N4*CLARK*NJ*070661710~REF*PQ*2621359190~REF*TJ*262135919~LX*1~CLP*10600A130626*1*125*0*125*12*780261318476111   00**1~NM1*QC*1*RABADEAU*KATHLEEN****MI*DZVAN4490966~NM1*82*2*M M WIESE WAIBEL LCSW*****XX*1902991391~DTM*050*20130703~DTM*232*20130618~DTM*233*20130618~SVC*HC:99199*125*0**1*HC:90834~DTM*472*20130618~CAS*PR*18*125~REF*6R*0~REF*HPI*1902991391~CLP*11700A130626*1*125*45*15*13*780261318304029   00**1~NM1*QC*1*SOMERS*ELAINE****MI*YHQ3HZN03939260~NM1*IL*1*SOMERS*ROBERT****MI*3HZN039392600~NM1*82*2*M M WIESE WAIBEL LCSW*****XX*1902991391~DTM*050*20130701~DTM*232*20130621~DTM*233*20130621~PER*CX*HORIZON BLUE CROSS BLUE SHIELD OF NEW JERSEY DIRECT ACCESS*TE*8006241110~AMT*AU*60~AMT*T2*45~SVC*HC:99199*125*45**1*HC:90834~DTM*472*20130621~CAS*PR*3*15~CAS*CO*45*65~REF*6R*0~REF*HPI*1902991391~AMT*B6*60~SE*44*0001~ST*835*0002~BPR*I*70*C*ACH*CCP*01*031100225*DA*2079950064280/*1220999690**01*231372691*DA*0181143836*20130712~TRN*1*0003899512*1220999690*8352013071303090766~REF*EV*1902991391~DTM*405*20130712~N1*PR*HORIZON BCBSNJ~N3*PAYOR ADDRESS 1~N4*NEWARK*NJ*071010420~REF*2U*22099~N1*PE*M M WIESE WAIBEL LCSW*XX*1902991391~N3*800 RARITAN RD~N4*CLARK*NJ*070661710~REF*PQ*2621359190~REF*TJ*262135919~LX*1~CLP*10900A130626*1*125*35*25*13*780261318338612   00**1~NM1*QC*1*GRANT*MACY****MI*HSE3HZN63444600~NM1*IL*1*MOUNT*TIMOTHY****MI*3HZN634446000~NM1*74*1*MOUNT*TIMOTHY*S***C*3HZN634446000~NM1*82*2*M M WIESE WAIBEL LCSW*****XX*1902991391~DTM*050*20130701~DTM*232*20130619~DTM*233*20130619~PER*CX*NATIONAL ACCOUNTS POS*TE*8006244758~AMT*AU*60~AMT*T2*35~SVC*HC:99199*125*35**1*HC:90834~DTM*472*20130619~CAS*PR*3*25~CAS*CO*45*65~REF*6R*0~REF*HPI*1902991391~AMT*B6*60~CLP*9800A130626*1*125*35*25*13*780261318338613   00**1~NM1*QC*1*ORSINI*SUSAN*J***MI*HEF3HZN69937170~NM1*IL*1*ORSINI*NICHOLAS****MI*3HZN699371700~NM1*74*1*ORSINI*NICHOLAS*R***C*3HZN699371700~NM1*82*2*M M WIESE WAIBEL LCSW*****XX*1902991391~DTM*050*20130701~DTM*232*20130617~DTM*233*20130617~PER*CX*NATIONAL ACCOUNTS POS*TE*8006244758~AMT*AU*60~AMT*T2*35~SVC*HC:99199*125*35**1*HC:90834~DTM*472*20130617~CAS*PR*3*25~CAS*CO*45*65~REF*6R*0~REF*HPI*1902991391~AMT*B6*60~SE*52*0002~ST*835*0003~BPR*I*0*C*NON******1042674079******20130715~TRN*1*000000000*1042674079~REF*EV*SL0002~REF*F2*3000-001~DTM*405*20130712~N1*PR*TUFTS ASSOCIATED HEALTH MAINTENANCE ORG INC.~N3*PO BOX 9163~N4*WATERTOWN*MA*024719163~REF*2U*04298~PER*CX*EDI OPERATIONS*TE*8888808699*EX*4042~N1*PE*GULLA JAMES P. LCMHC*XX*1922200658~LX*1~CLP*720016795*1*250*0**HM*3179BXXU~NM1*QC*1*SLAUTER-WORTHEN*DARCY****MI*888726172   04~NM1*74*1*WORTHEN**A~SVC*HC:90837*125*0**1**0~DTM*472*20130612~CAS*PI*197*125~REF*6R*801720016795~SVC*HC:90837*125*0**1**0~DTM*472*20130619~CAS*PI*197*125~REF*6R*802720016795~CLP*720016770*1*150*0**HM*3179BXXW~NM1*QC*1*SAGNELLA*ALEXIS****MI*888713276   01~NM1*74*1***M~SVC*HC:90791*150*0**1**0~DTM*472*20130601~CAS*PI*197*150~REF*6R*796720016770~SE*32*0003~GE*3*146899292~IEA*1*146899292~
