ISA*00*          *00*          *ZZ*330897513      *ZZ*ASSOCIATEDBC   *130716*1344*^*00501*146995822*0*P*:~GS*HP*330897513*ASSOCIATEDBC*20130716*1344*146995822*X*005010X221A1~ST*835*0001~BPR*I*123.51*C*ACH*CCP*01*081517693*DA*152302017073*1205296137**01*231372691*DA*0181143836*20130712~TRN*1*885730147*1205296137~REF*EV*1929361~DTM*405*20130711~N1*PR*NOVITAS SOLUTIONS, INC.~N3*PO BOX 890031~N4*CAMP HILL*PA*170890031~REF*2U*12402~PER*CX**TE*8772358073~PER*BL*NOVITAS SOLUTIONS, INC. EDI SERVICES*TE*8772358073*EX*1*EM*WEBSITEEDI@NOVITAS_SOLUTIONS.COM~N1*PE*MAUREEN WIESE WAIBEL  CSW*XX*1902991391~N3*800 RARITAN ROAD~N4*CLARK*NJ*070661710~REF*TJ*262135919~LX*1~CLP*11200A130626*1*125*41.17*22.62*MB*0913179403090*11*1~NM1*QC*1*GANNON*KIMBERLY****HN*135849111A~MOA***MA01~DTM*050*20130628~SVC*HC:90834*125*41.17**1~DTM*472*20130620~CAS*CO*45*60.37**223*0.84~CAS*PR*2*10.5**122*12.12~REF*6R*0~REF*LU*11~AMT*B6*64.63~CLP*9900A130626*1*125*41.17*22.62*MB*0913179403070*11*1~NM1*QC*1*LIPARI*BARBARA****HN*157662010A~MOA***MA01~DTM*050*20130628~SVC*HC:90834*125*41.17**1~DTM*472*20130617~CAS*CO*45*60.37**223*0.84~CAS*PR*2*10.5**122*12.12~REF*6R*0~REF*LU*11~AMT*B6*64.63~CLP*11300A130626*19*125*41.17*22.62*MB*0913179403120*11*1~NM1*QC*1*TORRE*JOSEPH****HN*137426725A~NM1*TT*2*UNITEDHEALTH GROUP*****PI*30002~MOA***MA01*MA18~DTM*050*20130628~SVC*HC:90834*125*41.17**1~DTM*472*20130620~CAS*CO*45*60.37**223*0.84~CAS*PR*2*10.5**122*12.12~REF*6R*0~REF*LU*11~AMT*B6*64.63~SE*51*0001~ST*835*0002~BPR*I*70*C*CHK************20130712~TRN*1*713857538*1591031071~REF*EV*562291693~REF*F2*GWFC~DTM*405*20130712~N1*PR*GREATWESTHEALTHCARE-CIGNA~N3*8505 E. ORCHARD RD~N4*GREENWOOD VILLAGE*CO*80111~REF*2U*80705~PER*BL*HP*EM*CLAIMS.INTAKE.APP.SUPPORT@HP.COM~PER*IC**UR*WWW.CIGNAFORHCP.COM~PER*CX*GWHC_EDIPROD*EM*GWHC_EDIPROD@CIGNA.COM*TE*3035665635~N1*PE*DEBRA D. CHATMAN-FINLEY*XX*1346469632~N3*134 W END AVE*FL 2~N4*SOMERVILLE*NJ*088761816~REF*PQ*200005839959~REF*TJ*264224733~LX*0~CLP*724077357*1*140*70**13*130439291100*11~NM1*QC*1*GORDON*CHRISTINA****MI*1016146060~REF*1L*00607826~REF*CE*OPEN ACCESS PLUS~DTM*050*20130711~AMT*AU*70~SVC*HC:90834*140*70**1~DTM*472*20130603~CAS*CO*45*70~REF*6R*416724077357~AMT*B6*70~SE*31*0002~ST*835*0003~BPR*I*77.7*C*CHK************20130716~TRN*1*09822-010494641*1066033492~REF*EV*330897513~DTM*405*20130716~N1*PR*AETNA~N3*151 FARMINGTON AVENUE~N4*HARTFORD*CT*06156~PER*BL*PROVIDER SERVICE~N1*PE*CHATMAN-FINLEY, DEBRA D*XX*1346469632~N3*134 W END AVE FL 2~N4*SOMERVILLE*NJ*088761816~REF*PQ*183005000~REF*TJ*264224733~LX*1~TS3*1346469632*11*20131231*1*150~CLP*724077429*1*150*77.7*72.3*13*EYYZ7MNLG0000*11*1~NM1*QC*1*PASKE*TARA~NM1*IL*1*PASKE*MARK****MI*W17941436703~NM1*74*1******C*W179414367~NM1*82*1*CHATMAN-FINLEY*DEBRA*D***XX*1346469632~REF*1L*0307138-010-00005-MA~REF*CE*AETNA CHOICE  POS II~DTM*050*20130710~DTM*232*20130604~DTM*233*20130604~PER*CX**TE*8886323862~AMT*AU*150~SVC*HC:90847*150*77.7**1~DTM*472*20130604~CAS*PR*2*33.3**45*39~REF*6R*438724077429~AMT*B6*111~LQ*HE*N130~SE*35*0003~ST*835*0004~BPR*I*198.06*C*CHK************20130716~TRN*1*08325-092494710*1066033492~REF*EV*330897513~DTM*405*20130716~N1*PR*AETNA~N3*151 FARMINGTON AVENUE~N4*HARTFORD*CT*06156~PER*BL*PROVIDER SERVICE~N1*PE*CHATMAN-FINLEY, DEBRA D*XX*1346469632~N3*134 W END AVE FL 2~N4*SOMERVILLE*NJ*088761816~REF*PQ*183005000~REF*TJ*264224733~LX*1~TS3*1346469632*11*20131231*2*420~CLP*724077359*1*140*67.86*72.14*13*EXTV7MNLR0000*11*1~NM1*QC*1*HAHN*KRISTINA~NM1*IL*1*HAHN*DEBRA****MI*W075948199~NM1*82*1*CHATMAN-FINLEY*DEBRA*D***XX*1346469632~REF*1L*0100462-042-00004-PX~REF*CE*AETNA CHOICE  POS II~DTM*050*20130710~DTM*232*20130611~DTM*233*20130611~PER*CX**TE*8886323862~AMT*AU*140~SVC*HC:90834*140*67.86**1~DTM*472*20130611~CAS*PR*2*36.54**45*35.6~REF*6R*417724077359~AMT*B6*104.4~LQ*HE*N130~CLP*724077413*1*280*130.2*149.8*13*EYPA7MNLH0000*11*1~NM1*QC*1*KEITH-WILSON*KENYAU****MI*W187952608~NM1*82*1*CHATMAN-FINLEY*DEBRA*D***XX*1346469632~REF*1L*0811305-020-00001- I~DTM*050*20130710~DTM*232*20130606~DTM*233*20130620~PER*CX**TE*8886323862~AMT*AU*280~SVC*HC:90834*140*65.1**1~DTM*472*20130606~CAS*PR*2*27.9**45*47~REF*6R*427724077413~AMT*B6*93~LQ*HE*N130~SVC*HC:90834*140*65.1**1~DTM*472*20130620~CAS*PR*2*27.9**45*47~REF*6R*428724077413~AMT*B6*93~LQ*HE*N130~SE*55*0004~GE*4*146995822~IEA*1*146995822~
