ISA*00*          *00*          *ZZ*330897513      *ZZ*ASSOCIATEDBC   *130717*0800*U*00401*147094591*0*P*:~GS*HP*330897513*ASSOCIATEDBC*20130717*0800*147094591*X*004010X091A1~ST*835*0001~BPR*I*264.68*C*ACH*CCP*01*124384877*DA*1470858534*1411289245*000087726*01*031201360*DA*7869322623*20130710~TRN*1*1QG41683077*1411289245*000087726~DTM*405*20130705~N1*PR*UNITED HEALTHCARE INSURANCE COMPANY*XV*87726~N3*9900 BREN ROAD~N4*MINNETONKA*MN*553430000~REF*2U*87726~PER*CX*ATLANTA SERVICE CENTER*TE*8778423210~N1*PE*CENTER FOR PSYCHOLOGICAL SERVI*XX*1457686560~N3*491 AMWELL RD STE 103~N4*HILLSBOROUGH*NJ*088440000~REF*TJ*263895688~LX*1~TS3*1457686560*11*20131231*6*1050~CLP*0*1*175*58.25*25*13*4184325024 0126549269*11~NM1*QC*1*HUMMEL*JEAN~NM1*IL*1*HUMMEL*EDWARD****MI*902302262~NM1*74*1*HUMMEL*EDWARD*M~NM1*82*1*DEMARZO*LAURA****XX*1255372603~REF*1L*517000~REF*CE*CHOYC+~DTM*050*20130625~DTM*232*20130617~AMT*AU*175~SVC*HC:90834*175*58.25**1~DTM*472*20130617~CAS*CO*45*91.75~CAS*PR*3*25~REF*6R*001~AMT*B6*83.25~CLP*0*1*175*0*83.25*13*4184325023 0008715077*11~NM1*QC*1*MONGIELLO*DONNA~NM1*IL*1*MONGIELLO*DONNA****MI*855998581~NM1*82*1*DEMARZO*LAURA****XX*1255372603~REF*1L*706206~REF*CE*CHOYC+~DTM*050*20130625~DTM*232*20130619~AMT*AU*175~SVC*HC:90834*175*0**1~DTM*472*20130619~CAS*CO*45*91.75~CAS*PR*1*83.25~REF*6R*001~AMT*B6*83.25~CLP*0*1*175*63.25*20*13*4184325027 0055948114*11~NM1*QC*1*CHIANG*JEAN*M~NM1*IL*1*CHIANG*JORGE****MI*879017628~NM1*74*1*CHIANG*JORGE*E~NM1*82*1*DEMARZO*LAURA****XX*1255372603~REF*1L*228485~REF*CE*CHOYC+~DTM*050*20130625~DTM*232*20130617~AMT*AU*175~SVC*HC:90834*175*63.25**1~DTM*472*20130617~CAS*CO*45*91.75~CAS*PR*3*20~REF*6R*001~AMT*B6*83.25~CLP*0*1*175*74.93*8.32*13*4184325026 0007282958*11~NM1*QC*1*EDELSTEIN*SARAH~NM1*IL*1*EDELSTEIN*MITCHELL****MI*901334631~NM1*74*1*EDELSTEIN*MITCHELL*L~NM1*82*1*DEMARZO*LAURA****XX*1255372603~REF*1L*702595~REF*CE*CHOYC+~DTM*050*20130625~DTM*232*20130614~AMT*AU*175~SVC*HC:90834*175*74.93**1~DTM*472*20130614~CAS*CO*45*91.75~CAS*PR*2*8.32~REF*6R*001~AMT*B6*83.25~CLP*0*1*175*68.25*15*13*4184325025 0029620236*11~NM1*QC*1*HUG*ELISE~NM1*IL*1*HUG*EUGENE****MI*865203539~NM1*74*1*HUG*EUGEN*B~NM1*82*1*DEMARZO*LAURA****XX*1255372603~REF*1L*717622~REF*CE*CHOYC+~DTM*050*20130625~DTM*232*20130618~AMT*AU*175~SVC*HC:90834*175*68.25**1~DTM*472*20130618~CAS*CO*45*91.75~CAS*PR*3*15~REF*6R*001~AMT*B6*83.25~CLP*CTR PSYCH SVC*2*175*0*30.16*12*4191050045 0126600925*11~NM1*QC*1*OHOPPE*SUSAN*M~NM1*IL*1*OHOPPE*SUSAN*M***MI*957226036~NM1*74*1*OHOPPE*SUSAN~NM1*82*1*DEMARZO*LAURA****XX*1255372603~REF*1L*710711~REF*CE*OPT PPO~DTM*050*20130704~DTM*232*20130528~SVC*HC:90834*175*0**1~DTM*472*20130528~CAS*OA*23*144.84~CAS*PR*96*30.16~REF*6R*LX#01~LQ*HE*N536~SE*110*0001~ST*835*0002~BPR*I*201.43*C*ACH*CCP*01*124384877*DA*1470858534*1411289245*000087726*01*031201360*DA*7869322623*20130710~TRN*1*1QG71680410*1411289245*000087726~DTM*405*20130705~N1*PR*UNITED HEALTHCARE INSURANCE COMPANY*XV*87726~N3*9900 BREN ROAD~N4*MINNETONKA*MN*553430000~REF*2U*87726~PER*CX*ATLANTA SERVICE CENTER*TE*8778423210~N1*PE*CENTER FOR PSYCHOLOGICAL SERVI*XX*1255372603~N3*491 AMWELL RD STE 103~N4*HILLSBOROUGH*NJ*088440000~REF*TJ*263895688~LX*1~TS3*1255372603*11*20131231*3*525~CLP*12800A130630*1*175*63.25*20*13*4188228702 0056007220*11~NM1*QC*1*CHIANG*JEAN M~NM1*IL*1*CHIANG*JORGE****MI*879017628~NM1*74*1*CHIANG*JORGE*E~REF*1L*228485~REF*CE*CHOYC+~DTM*050*20130702~DTM*232*20130624~AMT*AU*175~SVC*HC:90834*175*63.25**1~DTM*472*20130624~CAS*CO*45*91.75~CAS*PR*3*20~REF*6R*0~AMT*B6*83.25~CLP*13100A130630*1*175*63.25*20*13*4188228701 0020049129*11~NM1*QC*1*SENNA*JOELLEN~NM1*IL*1*SENNA*RONALD****MI*810306009~REF*1L*701487~REF*CE*CHOYC+~DTM*050*20130702~DTM*232*20130625~AMT*AU*175~SVC*HC:90834*175*63.25**1~DTM*472*20130625~CAS*CO*45*91.75~CAS*PR*3*20~REF*6R*0~AMT*B6*83.25~CLP*13400A130630*1*175*74.93*8.32*13*4188228703 0007292790*11~NM1*QC*1*EDELSTEIN*SARAH~NM1*IL*1*EDELSTEIN*MITCHELL****MI*901334631~NM1*74*1*EDELSTEIN*MITCHELL*L~REF*1L*702595~REF*CE*CHOYC+~DTM*050*20130702~DTM*232*20130625~AMT*AU*175~SVC*HC:90834*175*74.93**1~DTM*472*20130625~CAS*CO*45*91.75~CAS*PR*2*8.32~REF*6R*0~AMT*B6*83.25~SE*60*0002~GE*2*147094591~IEA*1*147094591~
