ISA*00*          *00*          *ZZ*330897513      *ZZ*ASSOCIATEDBC   *130717*0800*^*00501*147094589*0*P*:~GS*HP*330897513*ASSOCIATEDBC*20130717*0800*147094589*X*005010X221A1~ST*835*0001~BPR*I*54.89*C*ACH*CCP*01*081517693*DA*152302017073*1205296137**01*021200025*DA*2000031302801*20130715~TRN*1*885738721*1205296137~REF*EV*1929361~DTM*405*20130712~N1*PR*NOVITAS SOLUTIONS, INC.~N3*PO BOX 890031~N4*CAMP HILL*PA*170890031~REF*2U*12402~PER*CX**TE*8772358073~PER*BL*NOVITAS SOLUTIONS, INC. EDI SERVICES*TE*8772358073*EX*1*EM*WEBSITEEDI@NOVITAS_SOLUTIONS.COM~N1*PE*DAVID SIEGMAN  CP*XX*1306926589~N3*STE 140*47 RARITAN AVE~N4*HIGHLAND PARK*NJ*089042440~REF*TJ*300450564~LX*1~CLP*135363385 A*19*180*54.89*30.16*MB*0813165157600*11~NM1*QC*1*SCHREIBER*BARRY*J***HN*135363385A~NM1*TT*2*UNITEDHEALTHCARE*****PI*00082~MOA***MA01*MA18~DTM*050*20130614~SVC*HC:90834*180*54.89**1~DTM*472*20130418~CAS*CO*45*93.83**223*1.12~CAS*PR*2*14**122*16.16~REF*6R*LX#01~REF*LU*11~AMT*B6*86.17~SE*29*0001~GE*1*147094589~IEA*1*147094589~
