ISA*00*          *00*          *ZZ*330897513      *ZZ*ASSOCIATEDBC   *130718*0239*^*00501*147224800*0*P*:~GS*HP*330897513*ASSOCIATEDBC*20130718*0239*147224800*X*005010X221A1~ST*835*0001~BPR*I*30*C*ACH*CCP*01*055003201*DA*2000026932448*1522135463**01*031201360*DA*7869322623*20130717~TRN*1*144603*1522135463*IBC2~REF*EV*330897513~REF*F2*CAPS STL~DTM*405*20130717~N1*PR*MAGELLAN BEHAVIORAL HEALTH OF NEW JERSEY, LLC.~N3*P.O. BOX 1958~N4*MARYLAND HEIGHTS*MO*63043~PER*CX**TE*8006881911~PER*BL*MAGELLAN EDI*TE*3143875890~N1*PE*CENTER FOR PSYCHOLOGICAL SERVI*XX*1457686560~N3*491 AMWELL RD BLDG 1*STE 103~N4*HILLSBOROUGH*NJ*088448212~REF*TJ*263895688~LX*1~CLP*N/A*1*150*20*40*HM*111864171~NM1*QC*1*DEPAOLA*MICHAEL****MI*152645749BG~NM1*82*1*RITTER*LINDA****XX*1144599416~DTM*050*20130715~DTM*232*20130627~DTM*233*20130627~SVC*HC:90834*150*20**1~DTM*472*20130627~CAS*CO*45*90~CAS*PR*3*40~REF*HPI*1144599416~AMT*B6*60~LX*2~CLP*N/A*1*150*10*50*HM*111864180~NM1*QC*1*HOFFMAN*SUSAN*J***MI*113605113BG~NM1*82*1*HEEG*KATHERINE A****XX*1497833776~DTM*050*20130715~DTM*232*20130703~DTM*233*20130703~SVC*HC:90834*150*10**1~DTM*472*20130703~CAS*CO*45*90~CAS*PR*3*50~REF*HPI*1497833776~AMT*B6*60~SE*42*0001~GE*1*147224800~IEA*1*147224800~
