ISA*00*          *00*          *ZZ*330897513      *ZZ*ASSOCIATEDBC   *130718*2031*^*00501*147341696*0*P*:~GS*HP*330897513*ASSOCIATEDBC*20130718*2031*147341696*X*005010X221A1~ST*835*0001~BPR*H*0*C*NON************20130717~TRN*1*012611067*1216000928~REF*EV*9904204~DTM*405*20130712~N1*PR*NEW JERSEY MEDICAID~N3*3705 QUAKERBRIDGE ROAD, SUITE 101~N4*TRENTON*NJ*086191288~PER*CX*NEW JERSEY MEDICAID PROVIDER SERVICES*TE*8007766334~PER*BL*NEW JERSEY EDI UNIT*TE*6095886051*EM*NJMMISEDI@MOLINAHEALTHCARE.COM*FX*6095848268~PER*IC**UR*WWW.NJMMIS.COM~N1*PE*WAY          KAREN      GPHD*XX*1477603942~REF*PQ*0225177~REF*TJ*008388097~LX*1~CLP*243066303520*4*150*0**MC*201309954102301-06080464*11*1~NM1*QC*1*BYRNES*DOMINIC****MR*243066303520~DTM*232*20130329~DTM*233*20130329~SVC*HC:90834*150*0~DTM*472*20130329~CAS*OA*16*150~REF*6R*984243066303520~LQ*HE*N29~SE*25*0001~GE*1*147341696~IEA*1*147341696~
