ISA*00*          *00*          *ZZ*330897513      *ZZ*ASSOCIATEDBC   *130722*2120*U*00401*147680820*0*P*:~GS*HP*330897513*ASSOCIATEDBC*20130722*2120*147680820*X*004010X091A1~ST*835*0001~BPR*I*181.02*C*ACH*CCP*01*031100225*DA*2079950064280/*1220999690**01*231372691*DA*0181143836*20130718~TRN*1*0003928750*1220999690*8352013071903440840~REF*EV*1902991391~DTM*405*20130718~N1*PR*HORIZON BCBSNJ~N3*PAYOR ADDRESS 1~N4*NEWARK*NJ*071010420~REF*2U*22099~N1*PE*M M WIESE WAIBEL LCSW*XX*1902991391~N3*800 RARITAN RD~N4*CLARK*NJ*070661710~REF*PQ*2621359190~REF*TJ*262135919~LX*1~CLP*137426725 A*2*125*22.62*37.38*13*780271318520313   00**1~CAS*PR*96*37.38~CAS*OA*96*-37.38~NM1*QC*1*TORRE*JOSEPH*J***MI*3HZN555919000~NM1*74*1*TORRE*JOSEPH****C*3HZN55591900~NM1*82*2*M M WIESE WAIBEL LCSW*****XX*1902991391~MOA***MA69~DTM*050*20130704~DTM*232*20130523~DTM*233*20130523~PER*CX*HORIZON BLUE CROSS BLUE SHIELD OF NEW JERSEY DIRECT ACCESS*TE*8006241110~AMT*AU*60~AMT*T2*22.62~SVC*HC:99199*125*22.62**1*HC:90834~DTM*472*20130523~CAS*OA*23*102.38~REF*6R*LX#01~REF*HPI*1902991391~AMT*B6*60~CLP*11300A130626*1*125*0*125*13*780281319702599   00**1~CAS*PR*96*41.17~CAS*OA*96*-41.17~NM1*QC*1*TORRE*JOSEPH*J***MI*3HZN555919000~NM1*74*1*TORRE*JOSEPH****C*3HZN55591900~NM1*82*2*M M WIESE WAIBEL LCSW*****XX*1902991391~MOA***MA69~DTM*050*20130716~DTM*232*20130620~DTM*233*20130620~PER*CX*HORIZON BLUE CROSS BLUE SHIELD OF NEW JERSEY DIRECT ACCESS*TE*8006241110~SVC*HC:99199*125*0**1*HC:90834~DTM*472*20130620~CAS*PR*27*83.83~CAS*OA*23*41.17~REF*6R*0~REF*HPI*1902991391~CLP*3HZN31650370*1*250*50.4*21.6*13*780271319815691   00**1~NM1*QC*1*SALERNO*BERNADETTE****MI*JGO3HZN31650370~NM1*82*2*M M WIESE WAIBEL LCSW*****XX*1902991391~DTM*050*20130717~DTM*232*20130703~DTM*233*20130703~PER*CX*NATIONAL ACCOUNTS POS*TE*8006244758~AMT*AU*72~AMT*T2*50.4~SVC*HC:99199*250*50.4**1*HC:90791~DTM*472*20130703~CAS*PR*2*21.6~CAS*CO*45*178~REF*6R*5443HZN31650370~REF*HPI*1902991391~AMT*B6*72~CLP*3HZN74465430*1*125*59*10*12*780271319823050   00**1~NM1*QC*1*DOHERTY*MARCELLE*N***MI*YHB3HZN74465430~NM1*IL*1*DOHERTY*DANIEL****MI*3HZN744654300~NM1*74*1*DOHERTY*DANIEL*J***C*3HZN744654300~NM1*82*2*M M WIESE WAIBEL LCSW*****XX*1902991391~DTM*050*20130717~DTM*232*20130712~DTM*233*20130712~PER*CX*NATIONAL ACCOUNTS SERVICED IN MT.LAUREL*TE*8006244758~AMT*AU*69~AMT*T2*59~SVC*HC:99199*125*59**1*HC:90834~DTM*472*20130712~CAS*PR*3*10~CAS*CO*45*56~REF*6R*5113HZN74465430~REF*HPI*1902991391~AMT*B6*69~CLP*3HZN28656930*1*125*49*20*12*780271319823048   00**1~NM1*QC*1*GWALDIS*LISA****MI*HBX3HZN28656930~NM1*82*2*M M WIESE WAIBEL LCSW*****XX*1902991391~DTM*050*20130717~DTM*232*20130711~DTM*233*20130711~PER*CX*NATIONAL ACCOUNTS SERVICED IN MT.LAUREL*TE*8006244758~AMT*AU*69~AMT*T2*49~SVC*HC:99199*125*49**1*HC:90834~DTM*472*20130711~CAS*PR*3*20~CAS*CO*45*56~REF*6R*5233HZN28656930~REF*HPI*1902991391~AMT*B6*69~SE*102*0001~ST*835*0002~BPR*I*492*C*ACH*CCP*01*031100225*DA*2079950064280/*1220999690**01*231372691*DA*0181143836*20130719~TRN*1*0003936534*1220999690*8352013072008380858~REF*EV*1902991391~DTM*405*20130719~N1*PR*HORIZON BCBSNJ~N3*PAYOR ADDRESS 1~N4*NEWARK*NJ*071010420~REF*2U*22099~N1*PE*M M WIESE WAIBEL LCSW*XX*1902991391~N3*800 RARITAN RD~N4*CLARK*NJ*070661710~REF*PQ*2621359190~REF*TJ*262135919~LX*1~CLP*3HZN55672980*1*125*54*6*13*780271319815684   00**1~NM1*QC*1*BAKER DRUMMOND*ANASTACIA****MI*NJX3HZN55672980~NM1*IL*1*DRUMMOND*BERESFORD****MI*3HZN556729800~NM1*82*2*M M WIESE WAIBEL LCSW*****XX*1902991391~DTM*050*20130717~DTM*232*20130711~DTM*233*20130711~PER*CX*NJ DIRECT*TE*8006241110~AMT*AU*60~AMT*T2*54~SVC*HC:99199*125*54**1*HC:90834~DTM*472*20130711~CAS*PR*2*6~CAS*CO*45*65~REF*6R*4943HZN55672980~REF*HPI*1902991391~AMT*B6*60~CLP*3HZN71563020*1*250*100*20*13*780271319815495   00**1~NM1*QC*1*BONILLA*NANCY****MI*NJX3HZN71563020~NM1*82*2*M M WIESE WAIBEL LCSW*****XX*1902991391~DTM*050*20130717~DTM*232*20130702~DTM*233*20130709~PER*CX*NJ DIRECT*TE*8006241110~AMT*AU*120~AMT*T2*100~SVC*HC:99199*125*50**1*HC:90834~DTM*472*20130702~CAS*PR*3*10~CAS*CO*45*65~REF*6R*4983HZN71563020~REF*HPI*1902991391~AMT*B6*60~SVC*HC:99199*125*50**1*HC:90834~DTM*472*20130709~CAS*PR*3*10~CAS*CO*45*65~REF*6R*4993HZN71563020~REF*HPI*1902991391~AMT*B6*60~CLP*3HZN85261690*1*250*90*30*13*780271319815496   00**1~NM1*QC*1*CORNWELL*ELIZABETH****MI*3HZN852616900~NM1*74*1*CORNWELL*ELIZABETH*H***C*NJX3HZN85261690~NM1*82*2*M M WIESE WAIBEL LCSW*****XX*1902991391~DTM*050*20130717~DTM*232*20130701~DTM*233*20130708~PER*CX*NJ DIRECT*TE*8006241110~AMT*AU*120~AMT*T2*90~SVC*HC:99199*125*45**1*HC:90834~DTM*472*20130701~CAS*PR*3*15~CAS*CO*45*65~REF*6R*5033HZN85261690~REF*HPI*1902991391~AMT*B6*60~SVC*HC:99199*125*45**1*HC:90834~DTM*472*20130708~CAS*PR*3*15~CAS*CO*45*65~REF*6R*5043HZN85261690~REF*HPI*1902991391~AMT*B6*60~CLP*3HZN77593920*1*125*50*10*13*780271319822611   00**1~NM1*QC*1*DANIELSON*CHRISTINE****MI*NJX3HZN77593920~NM1*IL*1*FAUGHNAN*RICHARD****MI*3HZN775939201~NM1*74*1*FAUGHNAN*RICHARD*F***C*3HZN775939201~NM1*82*2*M M WIESE WAIBEL LCSW*****XX*1902991391~DTM*050*20130717~DTM*232*20130703~DTM*233*20130703~PER*CX*NJ DIRECT*TE*8006241110~AMT*AU*60~AMT*T2*50~SVC*HC:99199*125*50**1*HC:90834~DTM*472*20130703~CAS*PR*3*10~CAS*CO*45*65~REF*6R*5093HZN77593920~REF*HPI*1902991391~AMT*B6*60~CLP*3HZN36191530*1*125*45*15*13*780271319822608   00**1~NM1*QC*1*LENAHAN*MEAGHAN****MI*3HZN361915300~NM1*74*1*LENAHAN*MEAGHAN*M***C*NJX3HZN36191530~NM1*82*2*M M WIESE WAIBEL LCSW*****XX*1902991391~DTM*050*20130717~DTM*232*20130711~DTM*233*20130711~PER*CX*NJ DIRECT*TE*8006241110~AMT*AU*60~AMT*T2*45~SVC*HC:99199*125*45**1*HC:90834~DTM*472*20130711~CAS*PR*3*15~CAS*CO*45*65~REF*6R*5273HZN36191530~REF*HPI*1902991391~AMT*B6*60~CLP*3HZN15469020*1*125*45*15*13*780281319827435   00**1~NM1*QC*1*MONDI*NICHOL****MI*NJX3HZN15469020~NM1*IL*1*MONDI*FREDERICK****MI*3HZN154690200~NM1*74*1*MONDI*FREDERICK*B***C*3HZN154690200~NM1*82*2*M M WIESE WAIBEL LCSW*****XX*1902991391~DTM*050*20130717~DTM*232*20130708~DTM*233*20130708~PER*CX*NJ DIRECT*TE*8006241110~AMT*AU*60~AMT*T2*45~SVC*HC:99199*125*45**1*HC:90834~DTM*472*20130708~CAS*PR*3*15~CAS*CO*45*65~REF*6R*5333HZN15469020~REF*HPI*1902991391~AMT*B6*60~CLP*3HZN56316950*1*125*54*15*12*780281319828975   00**1~NM1*QC*1*DUFFY*JULIE****MI*3HZN563169500~NM1*74*1*DUFFY*JULIE*A***C*YHB3HZN56316950~NM1*82*2*M M WIESE WAIBEL LCSW*****XX*1902991391~DTM*050*20130717~DTM*232*20130712~DTM*233*20130712~PER*CX*NATIONAL ACCOUNTS SERVICED IN MT.LAUREL*TE*8006244758~AMT*AU*69~AMT*T2*54~SVC*HC:99199*125*54**1*HC:90834~DTM*472*20130712~CAS*PR*3*15~CAS*CO*45*56~REF*6R*5133HZN56316950~REF*HPI*1902991391~AMT*B6*69~CLP*3HZN14345840*1*125*54*15*12*780281319827440   00**1~NM1*QC*1*GREFFER*CHANTAL****MI*3HZN143458400~NM1*74*1*GREFFER*CHANTAL*M***C*YHB3HZN14345840~NM1*82*2*M M WIESE WAIBEL LCSW*****XX*1902991391~DTM*050*20130717~DTM*232*20130708~DTM*233*20130708~PER*CX*NATIONAL ACCOUNTS SERVICED IN MT.LAUREL*TE*8006244758~AMT*AU*69~AMT*T2*54~SVC*HC:99199*125*54**1*HC:90834~DTM*472*20130708~CAS*PR*3*15~CAS*CO*45*56~REF*6R*5223HZN14345840~REF*HPI*1902991391~AMT*B6*69~SE*167*0002~GE*2*147680820~IEA*1*147680820~
