ISA*00*          *00*          *ZZ*330897513      *ZZ*ASSOCIATEDBC   *130723*1356*^*00501*147767754*0*P*:~GS*HP*330897513*ASSOCIATEDBC*20130723*1356*147767754*X*005010X221A1~ST*835*0001~BPR*I*103.58*C*CHK************20130718~TRN*1*987925951*1591031071~REF*EV*870426777~REF*F2*1~DTM*405*20130720~N1*PR*CIGNA HEALTH AND LIFE INSURANCE COMPANY~N3*P. O. BOX 182223~N4*CHATTANOOGA*TN*374227223~PER*BL*HP*EM*CLAIMS.INTAKE.APP.SUPPORT@HP.COM~PER*IC**UR*WWW.CIGNAFORHCP.COM~N1*PE*LAURA DEMARZO PHD EDD*XX*1457686560~N3*491 AMWELL RD # 103~N4*HILLSBOROUGH*NJ*088448212~REF*TJ*263895688~LX*1~CLP*13300A130630*1*175*51.79*22.19*13*9651318398911*11*1~NM1*QC*1*HATCHER*DANIEL*W***MI*U0900203203~NM1*IL*1*MCDONNELL*ROBERT****MI*U0900203201~NM1*82*1*DEMARZO*LAURA****FI*263895688~REF*1L*3203576~REF*9A*448386859~REF*CE*OPEN ACCESS PLUS~DTM*050*20130702~DTM*232*20130625~DTM*233*20130625~PER*CX*MEMBER SERVICES*TE*8002446224~AMT*AU*73.98~SVC*HC:90834*175*51.79**1~CAS*CO*45*101.02~CAS*PR*2*22.19~REF*6R*0~AMT*B6*73.98~CLP*0*1*175*51.79*22.19*13*9651317990819*11*1~NM1*QC*1*HATCHER*DANIEL*W***MI*U0900203203~NM1*IL*1*MCDONNELL*ROBERT****MI*U0900203201~NM1*82*1*DEMARZO*LAURA****FI*263895688~REF*1L*3203576~REF*9A*447446622~REF*CE*OPEN ACCESS PLUS~DTM*050*20130628~DTM*232*20130618~DTM*233*20130618~PER*CX*MEMBER SERVICES*TE*8002446224~AMT*AU*73.98~SVC*HC:90834*175*51.79**1~CAS*CO*45*101.02~CAS*PR*2*22.19~REF*HPI*1255372603~AMT*B6*73.98~SE*51*0001~ST*835*0002~BPR*I*750*C*CHK************20130722~TRN*1*CC-31006497*1066033492~REF*EV*330897513~DTM*405*20130723~N1*PR*AETNA~N3*151 FARMINGTON AVENUE~N4*HARTFORD*CT*06156~PER*BL*PROVIDER SERVICE~N1*PE*CHATMAN-FINLEY, DEBRA D*XX*1346469632~N3*134 W END AVE FL 2~N4*SOMERVILLE*NJ*088761816~REF*PQ*183005000~REF*TJ*264224733~LX*1~TS3*1346469632*11*20131231*3*840~CLP*707622704*22*-140*0**HM*130527E094970000*11*1~NM1*QC*1*GLOVER*ITIESHA****MI*BBTYBY6A~NM1*82*2*CHATMAN-FINLEY, DEBRA D*****XX*1346469632~REF*1L*01406E-046~REF*CE*NJ EMPLOYEE PLAN~DTM*050*20130527~DTM*232*20130523~DTM*233*20130523~PER*CX**TE*8006240756~SVC*HC:90834*-140*0**0**1~DTM*472*20130523~CAS*PR*197*-140*1~REF*6R*247707622704~LQ*HE*N130~CLP*707622704*1*140*0**HM*130708C094970000*11*1~NM1*QC*1*GLOVER*ITIESHA****MI*BBTYBY6A~NM1*82*2*CHATMAN-FINLEY, DEBRA D*****XX*1346469632~REF*1L*01406E-046~REF*CE*NJ EMPLOYEE PLAN~REF*F8*130527E094970000~DTM*050*20130527~DTM*232*20130523~DTM*233*20130523~PER*CX**TE*8006240756~SVC*HC:90834*140*0**0**1~DTM*472*20130523~CAS*OA*18*140*1~REF*6R*247707622704~LQ*HE*N130~CLP*0*1*840*750*90*HM*130708M026630000~NM1*QC*1*GLOVER*ITIESHA*N***MI*BBTYBY6A~NM1*IL*1*GLOVER*ITIESHA*N***MI*BBTYBY6A~NM1*74*1*GLOVER*ITIESHA*N~NM1*82*2*CHATMAN-FINLEY, DEBRA D*****XX*1346469632~REF*1L*01406E-046~REF*CE*NJ EMPLOYEE PLAN~DTM*050*20130708~DTM*232*20130109~DTM*233*20130318~PER*CX**TE*8006240756~AMT*AU*840~SVC*HC:90834*140*125**1~DTM*472*20130109~CAS*PR*3*15~AMT*B6*140~SVC*HC:90837*140*125**1~DTM*472*20130117~CAS*PR*3*15~AMT*B6*140~SVC*HC:90834*140*125**1~DTM*472*20130130~CAS*PR*3*15~AMT*B6*140~SVC*HC:90837*140*125**1~DTM*472*20130213~CAS*PR*3*15~AMT*B6*140~SVC*HC:90834*140*125**1~DTM*472*20130305~CAS*PR*3*15~AMT*B6*140~SVC*HC:90834*140*125**1~DTM*472*20130318~CAS*PR*3*15~AMT*B6*140~SE*82*0002~GE*2*147767754~IEA*1*147767754~
