ISA*00*          *00*          *ZZ*330897513      *ZZ*ASSOCIATEDBC   *130723*1356*U*00401*147767759*0*P*:~GS*HP*330897513*ASSOCIATEDBC*20130723*1356*147767759*X*004010X091A1~ST*835*0001~BPR*I*49*C*CHK************20130719~TRN*1*155613333*1220999690*22099~DTM*405*20130719~N1*PR*HORIZON BCBSNJ~N3*3 PENN PLAZA~N4*NEWARK*NJ*071010420~REF*2U*22099~PER*CX**TE*8883349242~N1*PE*M M WIESE WAIBEL LCSW*XX*1902991391~N3*800 RARITAN ROAD~N4*CLARK*NJ*070661710~REF*TJ*262135919~LX*1~CLP*R58027107*1*125*49*20*12*28131982897400780*11*1~NM1*QC*1*MULLIGAN*CHERYL****MI*R58027107~NM1*IL*1*MULLIGAN*THOMAS****MI*R58027107~DTM*050*20130717~DTM*232*20130703~AMT*AU*69~SVC*HC:90834*125*49**1~DTM*472*20130703~CAS*PR*2*20~CAS*CO*45*56~REF*6R*537R58027107~AMT*B6*69~SE*27*0001~ST*835*0002~BPR*I*93*C*ACH*CCP*01*031100225*DA*2079950064280/*1220999690**01*231372691*DA*0181143836*20130720~TRN*1*0003943778*1220999690*8352013072201290782~REF*EV*1902991391~DTM*405*20130720~N1*PR*HORIZON BCBSNJ~N3*PAYOR ADDRESS 1~N4*NEWARK*NJ*071010420~REF*2U*22099~N1*PE*M M WIESE WAIBEL LCSW*XX*1902991391~N3*800 RARITAN RD~N4*CLARK*NJ*070661710~REF*PQ*2621359190~REF*TJ*262135919~LX*1~CLP*ROQ5052733500*1*125*44*25*12*780271319822672   00**1~NM1*QC*1*KOVATCH*LISA****MI*ROQ5052733500~NM1*82*2*M M WIESE WAIBEL LCSW*****XX*1902991391~DTM*050*20130717~DTM*232*20130703~DTM*233*20130703~AMT*AU*69~AMT*T2*44~SVC*HC:99199*125*44**1*HC:90834~DTM*472*20130703~CAS*PR*3*25~CAS*CO*45*56~REF*6R*525ROQ5052733500~REF*HPI*1902991391~AMT*B6*69~CLP*726140258*1*125*49*20*12*780271319822661   00**1~NM1*QC*1*RABADEAU*KATHLEEN****MI*DZVAN4490966~NM1*82*2*M M WIESE WAIBEL LCSW*****XX*1902991391~DTM*050*20130717~DTM*232*20130702~DTM*233*20130702~AMT*AU*69~AMT*T2*49~SVC*HC:99199*125*49**1*HC:90834~DTM*472*20130702~CAS*PR*3*20~CAS*CO*45*56~REF*6R*541726140258~REF*HPI*1902991391~AMT*B6*69~SE*46*0002~GE*2*147767759~IEA*1*147767759~
