ISA*00*          *00*          *ZZ*330897513      *ZZ*ASSOCIATEDBC   *130724*0750*U*00401*147863537*0*P*:~GS*HP*330897513*ASSOCIATEDBC*20130724*0750*147863537*X*004010X091A1~ST*835*0001~BPR*I*243*C*ACH*CCP*01*124384877*DA*1470858534*1411289245*000087726*01*031201360*DA*7869322623*20130724~TRN*1*1QG41711959*1411289245*000087726~DTM*405*20130719~N1*PR*UNITED HEALTHCARE INSURANCE COMPANY*XV*87726~N3*9900 BREN ROAD~N4*MINNETONKA*MN*553430000~REF*2U*87726~PER*CX*ATLANTA SERVICE CENTER*TE*8778423210~N1*PE*CENTER FOR PSYCHOLOGICAL SERVI*XX*1457686560~N3*491 AMWELL RD STE 103~N4*HILLSBOROUGH*NJ*088440000~REF*TJ*263895688~LX*1~TS3*1457686560*11*20131231*4*700~CLP*0*1*175*58.25*25*13*4205324210 0126722776*11~NM1*QC*1*HUMMEL*JEAN~NM1*IL*1*HUMMEL*EDWARD****MI*902302262~NM1*74*1*HUMMEL*EDWARD*M~NM1*82*1*DEMARZO*LAURA****XX*1255372603~REF*1L*517000~REF*CE*CHOYC+~DTM*050*20130716~DTM*232*20130701~AMT*AU*175~SVC*HC:90834*175*58.25**1~DTM*472*20130701~CAS*CO*45*91.75~CAS*PR*3*25~REF*6R*001~AMT*B6*83.25~CLP*0*1*175*63.25*20*13*4205324212 0056251400*11~NM1*QC*1*CHIANG*JEAN*M~NM1*IL*1*CHIANG*JORGE****MI*879017628~NM1*74*1*CHIANG*JORGE*E~NM1*82*1*DEMARZO*LAURA****XX*1255372603~REF*1L*228485~REF*CE*CHOYC+~DTM*050*20130716~DTM*232*20130701~AMT*AU*175~SVC*HC:90834*175*63.25**1~DTM*472*20130701~CAS*CO*45*91.75~CAS*PR*3*20~REF*6R*001~AMT*B6*83.25~CLP*0*1*175*53.25*30*13*4205324208 0029892843*11~NM1*QC*1*MAZZA*JANICE~NM1*IL*1*MAZZA*JERRY****MI*911851525~NM1*74*1*MAZZA*JEREMIAH~NM1*82*1*DEMARZO*LAURA****XX*1255372603~REF*1L*718179~REF*CE*CHOYC+~DTM*050*20130716~DTM*232*20130627~AMT*AU*175~SVC*HC:90834*175*53.25**1~DTM*472*20130627~CAS*CO*45*91.75~CAS*PR*3*30~REF*6R*001~AMT*B6*83.25~CLP*0*1*175*68.25*15*13*4205324211 0029892835*11~NM1*QC*1*HUG*ELISE~NM1*IL*1*HUG*EUGENE****MI*865203539~NM1*74*1*HUG*EUGEN*B~NM1*82*1*DEMARZO*LAURA****XX*1255372603~REF*1L*717622~REF*CE*CHOYC+~DTM*050*20130716~DTM*232*20130702~AMT*AU*175~SVC*HC:90834*175*68.25**1~DTM*472*20130702~CAS*CO*45*91.75~CAS*PR*3*15~REF*6R*001~AMT*B6*83.25~SE*80*0001~GE*1*147863537~IEA*1*147863537~
