ISA*00*          *00*          *ZZ*330897513      *ZZ*ASSOCIATEDBC   *130725*0249*^*00501*147994103*0*P*:~GS*HP*330897513*ASSOCIATEDBC*20130725*0249*147994103*X*005010X221A1~ST*835*0001~BPR*H*0*C*NON************20130724~TRN*1*012621776*1216000928~REF*EV*9904204~DTM*405*20130719~N1*PR*NEW JERSEY MEDICAID~N3*3705 QUAKERBRIDGE ROAD, SUITE 101~N4*TRENTON*NJ*086191288~PER*CX*NEW JERSEY MEDICAID PROVIDER SERVICES*TE*8007766334~PER*BL*NEW JERSEY EDI UNIT*TE*6095886051*EM*NJMMISEDI@MOLINAHEALTHCARE.COM*FX*6095848268~PER*IC**UR*WWW.NJMMIS.COM~N1*PE*WAY          KAREN      GPHD*XX*1477603942~REF*PQ*0225177~REF*TJ*008388097~LX*1~CLP*026662235A*4*150*0**MC*201310522878601-133206080464*11*1~NM1*QC*1*GRIMALDI*JENNIFER*J***MR*212080697401~REF*EA*0813056039200~DTM*232*20130204~DTM*233*20130204~SVC*HC:90834*150*0~DTM*472*20130204~CAS*OA*16*150~REF*6R*LX#01~LQ*HE*M57~LQ*HE*N29~CLP*026662235A*4*150*0**MC*201310522878602-133206080464*11*1~NM1*QC*1*GRIMALDI*JENNIFER*J***MR*212080697401~REF*EA*0813056039200~DTM*232*20130211~DTM*233*20130211~SVC*HC:90834*150*0~DTM*472*20130211~CAS*OA*16*150~REF*6R*LX#02~LQ*HE*M57~LQ*HE*N29~CLP*135742336 A*4*150*0**MC*201310524192901-06080464*11*1~NM1*QC*1*HAMMOND*NORMAN****MR*122081285101~REF*EA*0813056039190~DTM*232*20130212~DTM*233*20130212~SVC*HC:90834*150*0~DTM*472*20130212~CAS*OA*16*150~REF*6R*LX#01~LQ*HE*N29~CLP*135742336A*4*150*0**MC*201310721427201-06080464*11*1~NM1*QC*1*HAMMOND*NORMAN****MR*122081285101~REF*EA*0813070022860~DTM*232*20130219~DTM*233*20130219~SVC*HC:90834*150*0~DTM*472*20130219~CAS*OA*16*150~REF*6R*LX#01~LQ*HE*N29~CLP*135405190 A*4*150*0**MC*201310522878701-06080464*11*1~NM1*QC*1*ZABOROWSKI*RAYMOND*T***MR*122077125801~REF*EA*0813070022900~DTM*232*20130220~DTM*233*20130220~SVC*HC:90834*150*0~DTM*472*20130220~CAS*OA*16*150~REF*6R*LX#01~LQ*HE*N29~CLP*026662235A*4*150*0**MC*201310720987901-06080464*11*1~NM1*QC*1*GRIMALDI*JENNIFER*J***MR*212080697401~REF*EA*0813070022850~DTM*232*20130225~DTM*233*20130225~SVC*HC:90834*150*0~DTM*472*20130225~CAS*OA*16*150~REF*6R*LX#01~LQ*HE*N29~CLP*135742336A*4*150*0**MC*201310721427202-06080464*11*1~NM1*QC*1*HAMMOND*NORMAN****MR*122081285101~REF*EA*0813070022860~DTM*232*20130226~DTM*233*20130226~SVC*HC:90834*150*0~DTM*472*20130226~CAS*OA*16*150~REF*6R*LX#02~LQ*HE*N29~CLP*135405190 A*4*150*0**MC*201310522878702-06080464*11*1~NM1*QC*1*ZABOROWSKI*RAYMOND*T***MR*122077125801~REF*EA*0813070022900~DTM*232*20130227~DTM*233*20130227~SVC*HC:90834*150*0~DTM*472*20130227~CAS*OA*16*150~REF*6R*LX#02~LQ*HE*N29~SE*98*0001~ST*835*0002~BPR*I*76*C*ACH*CCP*01*055003201*DA*2000026932448*1522135463**01*031201360*DA*7869322623*20130724~TRN*1*144934*1522135463*IBC2~REF*EV*330897513~REF*F2*CAPS STL~DTM*405*20130724~N1*PR*MAGELLAN BEHAVIORAL HEALTH OF NEW JERSEY, LLC.~N3*P.O. BOX 1958~N4*MARYLAND HEIGHTS*MO*63043~PER*CX**TE*8006881911~PER*BL*MAGELLAN EDI*TE*3143875890~N1*PE*CENTER FOR PSYCHOLOGICAL SERVI*XX*1457686560~N3*491 AMWELL RD BLDG 1*STE 103~N4*HILLSBOROUGH*NJ*088448212~REF*TJ*263895688~LX*1~CLP*NA*1*150*20*40*HM*112192383~NM1*QC*1*DEPAOLA*MICHAEL****MI*152645749BG~NM1*82*1*RITTER*LINDA****XX*1144599416~REF*F8*13203004001271~DTM*050*20130722~DTM*232*20130709~DTM*233*20130709~SVC*HC:90834*150*20**1~DTM*472*20130709~CAS*CO*45*90~CAS*PR*3*40~REF*HPI*1144599416~AMT*B6*60~LX*2~CLP*NA*1*175*33*40*HM*112192384~NM1*QC*1*DEPAOLA*JILL****MI*152645749BG~NM1*IL*1*DEPAOLA*MICHAEL****MI*152645749BG~NM1*82*1*DEMARZO*LAURA****XX*1255372603~REF*F8*13203004001272~DTM*050*20130722~DTM*232*20130626~DTM*233*20130626~SVC*HC:90834*175*33**1~DTM*472*20130626~CAS*CO*45*102~CAS*PR*3*40~REF*HPI*1255372603~AMT*B6*73~LX*3~CLP*NA*1*175*23*50*HM*112192385~NM1*QC*1*HERSHMAN*MARK*S***MI*149828076BG~NM1*82*1*DEMARZO*LAURA****XX*1255372603~REF*F8*13203004001273~DTM*050*20130722~DTM*232*20130624~DTM*233*20130624~SVC*HC:90834*175*23**1~DTM*472*20130624~CAS*CO*45*102~CAS*PR*3*50~REF*HPI*1255372603~AMT*B6*73~LX*4~CLP*NA*4*175*0**HM*112192386~NM1*QC*1*LUQUE*BRIANNE****MI*162540670BG~NM1*IL*1*LUQUE*ERIC*A***MI*162540670BG~NM1*82*1*RITTER*LINDA****XX*1144599416~REF*F8*13203004001274~DTM*050*20130722~DTM*232*20130409~DTM*233*20130409~SVC*HC:90791*175*0**1~DTM*472*20130409~CAS*OA*18*175~REF*HPI*1144599416~SE*72*0002~GE*2*147994103~IEA*1*147994103~
