ISA*00*          *00*          *ZZ*330897513      *ZZ*ASSOCIATEDBC   *130726*1553*^*00501*148236000*0*P*:~GS*HP*330897513*ASSOCIATEDBC*20130726*1553*148236000*X*005010X221A1~ST*835*0001~BPR*H*0*C*NON************20130724~TRN*1*358828875*1205296137~REF*EV*1929361~DTM*405*20130723~N1*PR*NOVITAS SOLUTIONS, INC.~N3*PO BOX 890031~N4*CAMP HILL*PA*170890031~REF*2U*12402~PER*CX**TE*8772358073~PER*BL*NOVITAS SOLUTIONS, INC. EDI SERVICES*TE*8772358073*EX*1*EM*WEBSITEEDI@NOVITAS_SOLUTIONS.COM~N1*PE*KAREN G. WAY*XX*1477603942~N3*38 JUNIPER LANE~N4*PISCATAWAY*NJ*088545632~REF*TJ*264523736~LX*1~CLP*137640510 A*19*150*0**MB*0813189159200*11~NM1*QC*1*SANCHEZ*ARAENA****HN*137640510A~NM1*TT*2*NJ DEPT. OF HUMAN SERVICES*****PI*70078~MOA***MA01*MA07~DTM*050*20130708~SVC*HC:90834*150*0**0**1~DTM*472*20130619~CAS*CO*109*150~REF*6R*LX#01~REF*LU*11~SE*27*0001~GE*1*148236000~IEA*1*148236000~
