ISA*00*          *00*          *ZZ*330897513      *ZZ*ASSOCIATEDBC   *130731*1202*^*00501*148685308*0*P*:~GS*HP*330897513*ASSOCIATEDBC*20130731*1202*148685308*X*005010X221A1~ST*835*0001~BPR*I*587.51*C*ACH*CCP*01*081517693*DA*152302017073*1205296137**01*021200339*DA*381006409421*20130730~TRN*1*885784613*1205296137~REF*EV*1929361~DTM*405*20130729~N1*PR*NOVITAS SOLUTIONS, INC.~N3*PO BOX 3031~N4*MECHANICSBURG*PA*170551803~REF*2U*12402~PER*CX**TE*8772358073~PER*BL*NOVITAS SOLUTIONS, INC. EDI SERVICES*TE*8772358073*EX*1*EM*WEBSITEEDI@NOVITAS_SOLUTIONS.COM~N1*PE*CYNTHIA M. BRATMAN  CP*XX*1184788275~N3*SUITE 209*20 NASSAU ST~N4*PRINCETON*NJ*085424509~REF*TJ*200286572~LX*1~CLP*CYNTHIA E3RATMA*19*875*267.05*146.75*MB*0813182018860*11~NM1*QC*1*KUDRA*TARA****HN*194584895A~NM1*TT*2*COMMONWEALTH OF PENNSYLVANIA*****PI*70031~MOA***MA01*MA27*MA07~DTM*050*20130701~SVC*HC:90834*175*53.41**1~DTM*472*20130618~CAS*CO*45*91.15**223*1.09~CAS*PR*2*13.63**122*15.72~REF*6R*LX#01~REF*LU*11~AMT*B6*83.85~SVC*HC:90834*175*53.41**1~DTM*472*20130620~CAS*CO*45*91.15**223*1.09~CAS*PR*2*13.63**122*15.72~REF*6R*LX#02~REF*LU*11~AMT*B6*83.85~SVC*HC:90834*175*53.41**1~DTM*472*20130625~CAS*CO*45*91.15**223*1.09~CAS*PR*2*13.63**122*15.72~REF*6R*LX#03~REF*LU*11~AMT*B6*83.85~SVC*HC:90834*175*53.41**1~DTM*472*20130626~CAS*CO*45*91.15**223*1.09~CAS*PR*2*13.63**122*15.72~REF*6R*LX#04~REF*LU*11~AMT*B6*83.85~SVC*HC:90834*175*53.41**1~DTM*472*20130627~CAS*CO*45*91.15**223*1.09~CAS*PR*2*13.63**122*15.72~REF*6R*LX#05~REF*LU*11~AMT*B6*83.85~CLP*CYNTHFA BRATMA*19*1050*320.46*176.1*MB*0813182018870*11~NM1*QC*1*KUDRA*TARA****HN*194584895A~NM1*TT*2*COMMONWEALTH OF PENNSYLVANIA*****PI*70031~MOA***MA01*MA27*MA07~DTM*050*20130701~SVC*HC:90834*175*53.41**1~DTM*472*20130603~CAS*CO*45*91.15**223*1.09~CAS*PR*2*13.63**122*15.72~REF*6R*LX#01~REF*LU*11~AMT*B6*83.85~SVC*HC:90834*175*53.41**1~DTM*472*20130605~CAS*CO*45*91.15**223*1.09~CAS*PR*2*13.63**122*15.72~REF*6R*LX#02~REF*LU*11~AMT*B6*83.85~SVC*HC:90834*175*53.41**1~DTM*472*20130610~CAS*CO*45*91.15**223*1.09~CAS*PR*2*13.63**122*15.72~REF*6R*LX#03~REF*LU*11~AMT*B6*83.85~SVC*HC:90834*175*53.41**1~DTM*472*20130612~CAS*CO*45*91.15**223*1.09~CAS*PR*2*13.63**122*15.72~REF*6R*LX#04~REF*LU*11~AMT*B6*83.85~SVC*HC:90834*175*53.41**1~DTM*472*20130613~CAS*CO*45*91.15**223*1.09~CAS*PR*2*13.63**122*15.72~REF*6R*LX#05~REF*LU*11~AMT*B6*83.85~SVC*HC:90834*175*53.41**1~DTM*472*20130617~CAS*CO*45*91.15**223*1.09~CAS*PR*2*13.63**122*15.72~REF*6R*LX#06~REF*LU*11~AMT*B6*83.85~SE*104*0001~ST*835*0002~BPR*H*0*C*NON************20130731~TRN*1*012632243*1216000928~REF*EV*9904204~DTM*405*20130726~N1*PR*NEW JERSEY MEDICAID~N3*3705 QUAKERBRIDGE ROAD, SUITE 101~N4*TRENTON*NJ*086191288~PER*CX*NEW JERSEY MEDICAID PROVIDER SERVICES*TE*8007766334~PER*BL*NEW JERSEY EDI UNIT*TE*6095886051*EM*NJMMISEDI@MOLINAHEALTHCARE.COM*FX*6095848268~PER*IC**UR*WWW.NJMMIS.COM~N1*PE*WAY          KAREN      GPHD*XX*1477603942~REF*PQ*0225177~REF*TJ*008388097~LX*1~CLP*026662235A*4*150*0**MC*201311624405701-06080464*11*1~NM1*QC*1*GRIMALDI*JENNIFER*J***MR*212080697401~REF*EA*0813084154890~DTM*232*20130304~DTM*233*20130304~SVC*HC:90834*150*0~DTM*472*20130304~CAS*OA*16*150~REF*6R*LX#01~LQ*HE*N29~CLP*135405190 A*4*150*0**MC*201311624405801-06080464*11*1~NM1*QC*1*ZABOROWSKI*RAYMOND*T***MR*122077125801~REF*EA*0813084154850~DTM*232*20130306~DTM*233*20130306~SVC*HC:90834*150*0~DTM*472*20130306~CAS*OA*16*150~REF*6R*LX#01~LQ*HE*N29~CLP*243066303520*4*150*0**MC*201311353834101-06080464*11*1~NM1*QC*1*BYRNES*DOMINIC****MR*243066303520~DTM*232*20130401~DTM*233*20130401~SVC*HC:90834*150*0~DTM*472*20130401~CAS*OA*16*150~REF*6R*041243066303520~LQ*HE*N29~CLP*243066303520*4*150*0**MC*201311253663401-06080464*11*1~NM1*QC*1*BYRNES*DOMINIC****MR*243066303520~DTM*232*20130408~DTM*233*20130408~SVC*HC:90834*150*0~DTM*472*20130408~CAS*OA*16*150~REF*6R*870243066303520~LQ*HE*N29~CLP*123035462701*4*150*0**MC*201311253663501-06080464*11*1~NM1*QC*1*DIX-MOON*KIMBERLI****MR*123035462701~DTM*232*20130409~DTM*233*20130409~SVC*HC:90834*150*0~DTM*472*20130409~CAS*OA*16*150~REF*6R*872123035462701~LQ*HE*N29~SE*63*0002~GE*2*148685308~IEA*1*148685308~
