ISA*00*          *00*          *ZZ*330897513      *ZZ*ASSOCIATEDBC   *130730*1932*^*00501*148603986*0*P*:~GS*HP*330897513*ASSOCIATEDBC*20130730*1932*148603986*X*005010X221A1~ST*835*0001~BPR*H*0*C*NON************20130729~TRN*1*CC9043211000347*1066033492~REF*EV*330897513~DTM*405*20130730~N1*PR*AETNA~N3*151 FARMINGTON AVENUE~N4*HARTFORD*CT*06156~PER*BL*PROVIDER SERVICE~N1*PE*CHATMAN-FINLEY, DEBRA D*XX*1346469632~N3*134 W END AVE FL 2~N4*SOMERVILLE*NJ*088761816~REF*PQ*183005000~REF*TJ*264224733~LX*1~TS3*1346469632*11*20131231*1*280~CLP*0000001*1*280*0**HM*1307251460390000*11~NM1*QC*1*GLOVER*ITIESHA~NM1*IL*1*GLOVER*ITIESHA****MI*BBTYBY6A~NM1*82*2*CHATMAN-FINLEY, DEBRA D*****XX*1346469632~REF*1L*01406E-046~REF*CE*NJ EMPLOYEE PLAN~DTM*050*20130725~DTM*232*20130318~DTM*233*20130605~PER*CX**TE*8006240756~SVC*HC:90834*140*0**0**1~DTM*472*20130318~CAS*OA*18*140*1~REF*6R*00000000002~SVC*HC:90834*140*0**0**1~DTM*472*20130605~CAS*OA*18*140*1~REF*6R*00000000001~SE*35*0001~GE*1*148603986~IEA*1*148603986~
