ISA*00*          *00*          *ZZ*330897513      *ZZ*ASSOCIATEDBC   *130730*1932*U*00401*148603987*0*P*:~GS*HP*330897513*ASSOCIATEDBC*20130730*1932*148603987*X*004010X091A1~ST*835*0001~BPR*H*0*C*NON************20130726~TRN*1*0015427102*1220999690*8352013072703040809~REF*EV*1902991391~DTM*405*20130726~N1*PR*HORIZON BCBSNJ~N3*PAYOR ADDRESS 1~N4*NEWARK*NJ*071010420~REF*2U*22099~N1*PE*M M WIESE WAIBEL LCSW*XX*1902991391~N3*800 RARITAN RD~N4*CLARK*NJ*070661710~REF*PQ*2621359190~REF*TJ*262135919~LX*1~CLP*3HZN14345840*4*125*0**12*780271320522740   00**1~NM1*QC*1*GREFFER*CHANTAL****MI*3HZN143458400~NM1*74*1*GREFFER*CHANTAL*M***C*YHB3HZN14345840~NM1*82*2*M M WIESE WAIBEL LCSW*****XX*1902991391~DTM*050*20130723~DTM*232*20130617~DTM*233*20130617~PER*CX*NATIONAL ACCOUNTS SERVICED IN MT.LAUREL*TE*8006244758~SVC*HC:99199*125*0**1*HC:90834~DTM*472*20130617~CAS*OA*18*125~REF*6R*000001~REF*HPI*1902991391~SE*29*0001~ST*835*0002~BPR*H*0*C*NON************20130726~TRN*1*F466328525*1220999690*22099~DTM*405*20130726~N1*PR*HORIZON BCBSNJ~N3*3 PENN PLAZA~N4*NEWARK*NJ*071010420~REF*2U*22099~PER*CX**TE*8883349242~N1*PE*M M WIESE WAIBEL LCSW*XX*1902991391~N3*800 RARITAN ROAD~N4*CLARK*NJ*070660000~REF*TJ*262135919~LX*1~CLP*R58027107*4*125*0**12*26132063266000780*11*1~NM1*QC*1*MULLIGAN*CHERYL****MI*R58027107~NM1*IL*1*MULLIGAN*THOMAS****MI*R58027107~DTM*050*20130724~DTM*232*20130619~SVC*HC:90834*125*0**1~DTM*472*20130619~CAS*OA*18*125~REF*6R*000001~SE*24*0002~GE*2*148603987~IEA*1*148603987~
