ISA*00*          *00*          *ZZ*330897513      *ZZ*ASSOCIATEDBC   *130731*1202*U*00401*148685322*0*P*:~GS*HP*330897513*ASSOCIATEDBC*20130731*1202*148685322*X*004010X091A1~ST*835*0001~BPR*H*0*C*NON************20130731~TRN*1*1QG92581354*1411289245*000087726~REF*EV*263895688~DTM*405*20130726~N1*PR*UNITED HEALTHCARE INSURANCE COMPANY*XV*87726~N3*9900 BREN ROAD~N4*MINNETONKA*MN*553430000~REF*2U*87726~PER*CX*ATLANTA SERVICE CENTER*TE*8778423210~N1*PE*CENTER FOR PSYCHOLOGICAL SERVI*FI*263895688~N3*491 AMWELL RD STE 103~N4*HILLSBOROUGH*NJ*088440000~LX*1~TS3*263895688*11*20131231*1*175~CLP*0*1*175*0*83.25*13*4208624946 0017140863*11~NM1*QC*1*DUFF*MICHAEL~NM1*IL*1*DUFF*MICHAEL****MI*959493821~NM1*82*1*DEMARZO*LAURA****XX*1255372603~REF*1L*218856~REF*CE*CHOYC+~DTM*050*20130722~DTM*232*20130711~AMT*AU*175~SVC*HC:90834*175*0**1~DTM*472*20130711~CAS*CO*45*91.75~CAS*PR*1*83.25~REF*6R*001~AMT*B6*83.25~SE*31*0001~ST*835*0002~BPR*I*532.18*C*ACH*CCP*01*124384877*DA*1470858534*1411289245*000087726*01*031201360*DA*7869322623*20130731~TRN*1*1QG41722853*1411289245*000087726~DTM*405*20130726~N1*PR*UNITED HEALTHCARE INSURANCE COMPANY*XV*87726~N3*9900 BREN ROAD~N4*MINNETONKA*MN*553430000~REF*2U*87726~PER*CX*ATLANTA SERVICE CENTER*TE*8778423210~N1*PE*CENTER FOR PSYCHOLOGICAL SERVI*XX*1457686560~N3*491 AMWELL RD STE 103~N4*HILLSBOROUGH*NJ*088440000~REF*TJ*263895688~LX*1~TS3*1457686560*11*20131231*5*1425~CLP*0*1*175*53.25*30*13*4208624947 0029937659*11~NM1*QC*1*MAZZA*JANICE~NM1*IL*1*MAZZA*JERRY****MI*911851525~NM1*74*1*MAZZA*JEREMIAH~NM1*82*1*DEMARZO*LAURA****XX*1255372603~REF*1L*718179~REF*CE*CHOYC+~DTM*050*20130722~DTM*232*20130711~AMT*AU*175~SVC*HC:90834*175*53.25**1~DTM*472*20130711~CAS*CO*45*91.75~CAS*PR*3*30~REF*6R*001~AMT*B6*83.25~CLP*0*1*175*58.25*25*13*4208624948 0126746181*11~NM1*QC*1*HUMMEL*JEAN~NM1*IL*1*HUMMEL*EDWARD****MI*902302262~NM1*74*1*HUMMEL*EDWARD*M~NM1*82*1*DEMARZO*LAURA****XX*1255372603~REF*1L*517000~REF*CE*CHOYC+~DTM*050*20130722~DTM*232*20130715~AMT*AU*175~SVC*HC:90834*175*58.25**1~DTM*472*20130715~CAS*CO*45*91.75~CAS*PR*3*25~REF*6R*001~AMT*B6*83.25~CLP*0*1*550*219.25*45*13*4208624943 0056298907*11~NM1*QC*1*LAWLER*JOHN~NM1*IL*1*LAWLER*MARY****MI*906294351~NM1*82*1*DEMARZO*LAURA****XX*1255372603~REF*1L*228485~REF*CE*CHOYC+~DTM*050*20130722~DTM*232*20130621~DTM*233*20130701~AMT*AU*550~SVC*HC:90791*200*82.75**1~DTM*472*20130621~CAS*CO*45*102.25~CAS*PR*3*15~REF*6R*001~AMT*B6*97.75~SVC*HC:90834*175*68.25**1~DTM*472*20130624~CAS*CO*45*91.75~CAS*PR*3*15~REF*6R*002~AMT*B6*83.25~SVC*HC:90834*175*68.25**1~DTM*472*20130701~CAS*CO*45*91.75~CAS*PR*3*15~REF*6R*003~AMT*B6*83.25~CLP*0*1*350*126.5*40*13*4208624944 0056298814*11~NM1*QC*1*CHIANG*JEAN*M~NM1*IL*1*CHIANG*JORGE****MI*879017628~NM1*74*1*CHIANG*JORGE*E~NM1*82*1*DEMARZO*LAURA****XX*1255372603~REF*1L*228485~REF*CE*CHOYC+~DTM*050*20130722~DTM*232*20130708~DTM*233*20130715~AMT*AU*350~SVC*HC:90834*175*63.25**1~DTM*472*20130708~CAS*CO*45*91.75~CAS*PR*3*20~REF*6R*001~AMT*B6*83.25~SVC*HC:90834*175*63.25**1~DTM*472*20130715~CAS*CO*45*91.75~CAS*PR*3*20~REF*6R*002~AMT*B6*83.25~CLP*0*1*175*74.93*8.32*13*4208624945 0007342631*11~NM1*QC*1*EDELSTEIN*SARAH~NM1*IL*1*EDELSTEIN*MITCHELL****MI*901334631~NM1*74*1*EDELSTEIN*MITCHELL*L~NM1*82*1*DEMARZO*LAURA****XX*1255372603~REF*1L*702595~REF*CE*CHOYC+~DTM*050*20130722~DTM*232*20130715~AMT*AU*175~SVC*HC:90834*175*74.93**1~DTM*472*20130715~CAS*CO*45*91.75~CAS*PR*2*8.32~REF*6R*001~AMT*B6*83.25~SE*115*0002~GE*2*148685322~IEA*1*148685322~
