ISA*00*          *00*          *ZZ*330897513      *ZZ*ASSOCIATEDBC   *130801*0545*^*00501*148796125*0*P*:~GS*HP*330897513*ASSOCIATEDBC*20130801*0545*148796125*X*005010X221A1~ST*835*0001~BPR*I*10*C*ACH*CCP*01*031100209*DA*0038865237*1066033492**01*031201360*DA*7869322623*20130805~TRN*1*160731130023177*1066033492~REF*EV*330897513~DTM*405*20130801~N1*PR*AETNA~N3*151 FARMINGTON AVENUE~N4*HARTFORD*CT*06156~PER*BL*PROVIDER SERVICE~N1*PE*CENTER FOR PSYCHOLOGICAL SERVIC*XX*1144599416~N3*491 AMWELL RD STE 1~N4*HILLSBOROUGH*NJ*088448212~REF*PQ*149850620~REF*TJ*263895688~LX*1~TS3*1144599416*11*20131231*1*150~CLP*731390493*1*150*10*50*13*130730E240380000*11*1~NM1*QC*1*YOUNGBERG*KENT****MI*BBP6SF4A~NM1*82*2*CENTER FOR PSYCHOLOGICAL SERVIC*****XX*1144599416~REF*1L*377443-006~DTM*050*20130730~DTM*232*20130727~DTM*233*20130727~PER*CX**TE*8006240756~AMT*AU*150~SVC*HC:90834*150*10**1~DTM*472*20130727~CAS*CO*45*90~CAS*PR*3*50~REF*6R*089731390493~AMT*B6*60~LQ*HE*N59~SE*33*0001~GE*1*148796125~IEA*1*148796125~
