ISA*00*          *00*          *ZZ*330897513      *ZZ*ASSOCIATEDBC   *130801*2332*U*00401*148918558*0*P*:~GS*HP*330897513*ASSOCIATEDBC*20130801*2332*148918558*X*004010X091A1~ST*835*0001~BPR*I*80*C*ACH*CCP*01*031100225*DA*2079950064280/*1220999690**01*231372691*DA*0181143836*20130730~TRN*1*0003987103*1220999690*8352013073103080810~REF*EV*1902991391~DTM*405*20130730~N1*PR*HORIZON BCBSNJ~N3*PAYOR ADDRESS 1~N4*NEWARK*NJ*071010420~REF*2U*22099~N1*PE*M M WIESE WAIBEL LCSW*XX*1902991391~N3*800 RARITAN RD~N4*CLARK*NJ*070661710~REF*PQ*2621359190~REF*TJ*262135919~LX*1~CLP*3HZN03939260*1*125*45*15*13*780261318478619   00**1~NM1*QC*1*SOMERS*ELAINE****MI*YHQ3HZN03939260~NM1*IL*1*SOMERS*ROBERT****MI*3HZN039392600~NM1*82*2*M M WIESE WAIBEL LCSW*****XX*1902991391~DTM*050*20130703~DTM*232*20130628~DTM*233*20130628~PER*CX*HORIZON BLUE CROSS BLUE SHIELD OF NEW JERSEY DIRECT ACCESS*TE*8006241110~AMT*AU*60~AMT*T2*45~SVC*HC:99199*125*45**1*HC:90834~DTM*472*20130628~CAS*PR*3*15~CAS*CO*45*65~REF*6R*7323HZN03939260~REF*HPI*1902991391~AMT*B6*60~CLP*3HZN63444600*1*125*35*25*13*780261318479758   00**1~NM1*QC*1*MOUNT*CAROLE*M***MI*HSE3HZN63444600~NM1*IL*1*MOUNT*TIMOTHY****MI*3HZN634446000~NM1*74*1*MOUNT*TIMOTHY*S***C*3HZN634446000~NM1*82*2*M M WIESE WAIBEL LCSW*****XX*1902991391~DTM*050*20130703~DTM*232*20130624~DTM*233*20130624~PER*CX*NATIONAL ACCOUNTS POS*TE*8006244758~AMT*AU*60~AMT*T2*35~SVC*HC:99199*125*35**1*HC:90834~DTM*472*20130624~CAS*PR*3*25~CAS*CO*45*65~REF*6R*7203HZN63444600~REF*HPI*1902991391~AMT*B6*60~SE*51*0001~GE*1*148918558~IEA*1*148918558~
