ISA*00*          *00*          *ZZ*330897513      *ZZ*ASSOCIATEDBC   *130801*2332*^*00501*148918557*0*P*:~GS*HP*330897513*ASSOCIATEDBC*20130801*2332*148918557*X*005010X221A1~ST*835*0001~BPR*I*189.92*C*ACH*CCP*01*081517693*DA*152302017073*1205296137**01*221272303*DA*3010001018*20130731~TRN*1*885789533*1205296137~REF*EV*1929361~DTM*405*20130730~N1*PR*NOVITAS SOLUTIONS, INC.~N3*PO BOX 3031~N4*MECHANICSBURG*PA*170551803~REF*2U*12402~PER*CX**TE*8772358073~PER*BL*NOVITAS SOLUTIONS, INC. EDI SERVICES*TE*8772358073*EX*1*EM*WEBSITEEDI@NOVITAS_SOLUTIONS.COM~N1*PE*MAUREEN J. HUDAK  CP*XX*1013063346~N3*SUITE 2A*47 RARITAN AVE~N4*HIGHLAND PARK*NJ*089042440~REF*TJ*142460069~LX*1~CLP*088460853 A*19*300*109.78*60.32*MB*0813183001650*11~NM1*QC*1*ARON*JOANNA****HN*088460853A~NM1*TT*2*GHI PPO*****PI*00035~MOA***MA01*MA18~DTM*050*20130702~SVC*HC:90834*150*54.89**1~DTM*472*20130610~CAS*CO*45*63.83**223*1.12~CAS*PR*2*14**122*16.16~REF*6R*LX#01~REF*LU*11~AMT*B6*86.17~SVC*HC:90834*150*54.89**1~DTM*472*20130613~CAS*CO*45*63.83**223*1.12~CAS*PR*2*14**122*16.16~REF*6R*LX#02~REF*LU*11~AMT*B6*86.17~CLP*156801936 A*19*225*80.14*44.04*MB*0813183001660*11~NM1*QC*1*MARIANO*MELISSA****HN*156801936A~NM1*TT*2*COMMONWEALTH OF PENNSYLVANIA*****PI*70031~MOA***MA01*MA07~DTM*050*20130702~SVC*HC:90837*225*80.14**1~DTM*472*20130612~CAS*CO*45*99.18**223*1.64~CAS*PR*2*20.45**122*23.59~REF*6R*LX#01~REF*LU*11~AMT*B6*125.82~SE*48*0001~GE*1*148918557~IEA*1*148918557~
