ISA*00*          *00*          *ZZ*330897513      *ZZ*ASSOCIATEDBC   *130802*1626*U*00401*149037110*0*P*:~GS*HP*330897513*ASSOCIATEDBC*20130802*1626*149037110*X*004010X091A1~ST*835*0001~BPR*I*110*C*ACH*CCP*01*031100225*DA*2079950064280/*1220999690**01*231372691*DA*0181143836*20130731~TRN*1*0003994325*1220999690*8352013080103140802~REF*EV*1902991391~DTM*405*20130731~N1*PR*HORIZON BCBSNJ~N3*PAYOR ADDRESS 1~N4*NEWARK*NJ*071010420~REF*2U*22099~N1*PE*M M WIESE WAIBEL LCSW*XX*1902991391~N3*800 RARITAN RD~N4*CLARK*NJ*070661710~REF*PQ*2621359190~REF*TJ*262135919~LX*1~CLP*3HZN04240760*1*125*10*50*13*780281319828969   00**1~NM1*QC*1*RICKERT*SUSAN*M***MI*JGV3HZN04240760~NM1*IL*1*RICKERT*WILLIAM*L***MI*3HZN042407600~NM1*82*2*M M WIESE WAIBEL LCSW*****XX*1902991391~DTM*050*20130717~DTM*232*20130702~DTM*233*20130702~PER*CX*ADVANTAGE EPO CAP*TE*8886662535~AMT*AU*60~AMT*T2*10~SVC*HC:99199*125*10**1*HC:90834~DTM*472*20130702~CAS*PR*3*50~CAS*CO*45*65~REF*6R*5423HZN04240760~REF*HPI*1902991391~AMT*B6*60~CLP*3HZN03939260*1*125*45*15*13*780281319829735   00**1~NM1*QC*1*SOMERS*ELAINE****MI*YHQ3HZN03939260~NM1*IL*1*SOMERS*ROBERT****MI*3HZN039392600~NM1*82*2*M M WIESE WAIBEL LCSW*****XX*1902991391~DTM*050*20130717~DTM*232*20130712~DTM*233*20130712~PER*CX*HORIZON BLUE CROSS BLUE SHIELD OF NEW JERSEY DIRECT ACCESS*TE*8006241110~AMT*AU*60~AMT*T2*45~SVC*HC:99199*125*45**1*HC:90834~DTM*472*20130712~CAS*PR*3*15~CAS*CO*45*65~REF*6R*5473HZN03939260~REF*HPI*1902991391~AMT*B6*60~CLP*3HZN69937170*1*125*35*25*13*780271319815020   00**1~NM1*QC*1*ORSINI*SUSAN*J***MI*HEF3HZN69937170~NM1*IL*1*ORSINI*NICHOLAS****MI*3HZN699371700~NM1*74*1*ORSINI*NICHOLAS*R***C*3HZN699371700~NM1*82*2*M M WIESE WAIBEL LCSW*****XX*1902991391~DTM*050*20130717~DTM*232*20130701~DTM*233*20130701~PER*CX*NATIONAL ACCOUNTS POS*TE*8006244758~AMT*AU*60~AMT*T2*35~SVC*HC:99199*125*35**1*HC:90834~DTM*472*20130701~CAS*PR*3*25~CAS*CO*45*65~REF*6R*5383HZN69937170~REF*HPI*1902991391~AMT*B6*60~CLP*3HZN89299890*1*125*20*40*13*780281319829737   00**1~NM1*QC*1*SHAH*ROSEMARIE****MI*YHX3HZN89299890~NM1*IL*1*SHAH*HR****MI*3HZN892998900~NM1*74*1*SHAH*HASMUKH*R***C*3HZN892998900~NM1*82*2*M M WIESE WAIBEL LCSW*****XX*1902991391~DTM*050*20130717~DTM*232*20130712~DTM*233*20130712~PER*CX*NATIONAL ACCOUNTS POS*TE*8006244758~AMT*AU*60~AMT*T2*20~SVC*HC:99199*125*20**1*HC:90834~DTM*472*20130712~CAS*PR*3*40~CAS*CO*45*65~REF*6R*5453HZN89299890~REF*HPI*1902991391~AMT*B6*60~SE*86*0001~GE*1*149037110~IEA*1*149037110~
