ISA*00*          *00*          *ZZ*330897513      *ZZ*ASSOCIATEDBC   *130803*0918*^*00501*149088462*0*P*:~GS*HP*330897513*ASSOCIATEDBC*20130803*0918*149088462*X*005010X221A1~ST*835*0001~BPR*H*0*C*NON************20130801~TRN*1*358848806*1205296137~REF*EV*1929361~DTM*405*20130731~N1*PR*NOVITAS SOLUTIONS, INC.~N3*PO BOX 3031~N4*MECHANICSBURG*PA*170551803~REF*2U*12402~PER*CX**TE*8772358073~PER*BL*NOVITAS SOLUTIONS, INC. EDI SERVICES*TE*8772358073*EX*1*EM*WEBSITEEDI@NOVITAS_SOLUTIONS.COM~N1*PE*MAUREEN WIESE WAIBEL  CSW*XX*1902991391~N3*800 RARITAN ROAD~N4*CLARK*NJ*070661710~REF*TJ*262135919~LX*1~CLP*135849111A*1*125*0**MB*0813203187760*11~NM1*QC*1*GANNON*KIMBERLY****HN*135849111A~MOA***MA01~DTM*050*20130722~SVC*HC:90834*125*0**0**1~DTM*472*20130620~CAS*OA*18*125~REF*6R*LX#01~REF*LU*11~LQ*HE*N522~CLP*157662010 A*1*125*0**MB*0813203187750*11~NM1*QC*1*LIPARI*BARBARA****HN*157662010A~MOA***MA01~DTM*050*20130722~SVC*HC:90834*125*0**0**1~DTM*472*20130617~CAS*OA*18*125~REF*6R*LX#01~REF*LU*11~LQ*HE*N522~CLP*137426725 A*1*125*0**MB*0813203187800*11~NM1*QC*1*TORRE*JOSEPH****HN*137426725A~MOA***MA01~DTM*050*20130722~SVC*HC:90834*125*0**0**1~DTM*472*20130620~CAS*OA*18*125~REF*6R*LX#01~REF*LU*11~LQ*HE*N522~SE*47*0001~ST*835*0002~BPR*I*51.79*C*CHK************20130727~TRN*1*988538412*1591031071~REF*EV*870426777~REF*F2*1~DTM*405*20130801~N1*PR*CIGNA HEALTH AND LIFE INSURANCE COMPANY~N3*P. O. BOX 182223~N4*CHATTANOOGA*TN*374227223~PER*BL*HP*EM*CLAIMS.INTAKE.APP.SUPPORT@HP.COM~PER*IC**UR*WWW.CIGNAFORHCP.COM~N1*PE*LAURA DEMARZO PHD EDD*XX*1457686560~N3*491 AMWELL RD # 103~N4*HILLSBOROUGH*NJ*088448212~REF*TJ*263895688~LX*1~CLP*0*1*175*51.79*22.19*13*9651319890998*11*1~NM1*QC*1*HATCHER*DANIEL*W***MI*U0900203203~NM1*IL*1*MCDONNELL*ROBERT****MI*U0900203201~NM1*82*1*DEMARZO*LAURA****FI*263895688~REF*1L*3203576~REF*9A*450556113~REF*CE*OPEN ACCESS PLUS~DTM*050*20130717~DTM*232*20130702~DTM*233*20130702~PER*CX*MEMBER SERVICES*TE*8002446224~AMT*AU*73.98~SVC*HC:90834*175*51.79**1~CAS*CO*45*101.02~CAS*PR*2*22.19~REF*HPI*1255372603~AMT*B6*73.98~SE*34*0002~GE*2*149088462~IEA*1*149088462~
