ISA*00*          *00*          *ZZ*330897513      *ZZ*ASSOCIATEDBC   *130802*1626*^*00501*149037109*0*P*:~GS*HP*330897513*ASSOCIATEDBC*20130802*1626*149037109*X*005010X221A1~ST*835*0001~BPR*I*60*C*ACH*CCP*01*031100209*DA*0038865237*1066033492**01*031201360*DA*7869322623*20130806~TRN*1*160801130023095*1066033492~REF*EV*330897513~DTM*405*20130802~N1*PR*AETNA~N3*151 FARMINGTON AVENUE~N4*HARTFORD*CT*06156~PER*BL*PROVIDER SERVICE~N1*PE*CENTER FOR PSYCHOLOGICAL SERVIC*XX*1457686560~N3*491 AMWELL RD STE 103~N4*HILLSBOROUGH*NJ*088448212~REF*PQ*149850620~REF*TJ*263895688~LX*1~TS3*1275694077*11*20131231*1*200~CLP*731935362*1*200*60*10*HM*130731E592830000*11*1~NM1*QC*1*MARTZ*MARILYN****MI*BBJ2MXOA~NM1*74*1***J***C*BBJ2MX0A~NM1*82*2*CENTER FOR PSYCHOLOGICAL SERVIC*****XX*1275694077~REF*1L*01404E-195~REF*CE*NJ EMPLOYEE PLAN NET 01961~DTM*050*20130731~DTM*232*20130725~DTM*233*20130725~PER*CX**TE*8006240756~AMT*AU*200~SVC*HC:90791*200*60**1~DTM*472*20130725~CAS*CO*45*130~CAS*PR*3*10~REF*6R*796731935362~AMT*B6*70~LQ*HE*N59~SE*35*0001~ST*835*0002~BPR*I*10*C*ACH*CCP*01*031100209*DA*0038865237*1066033492**01*031201360*DA*7869322623*20130806~TRN*1*160801130024712*1066033492~REF*EV*330897513~DTM*405*20130802~N1*PR*AETNA~N3*151 FARMINGTON AVENUE~N4*HARTFORD*CT*06156~PER*BL*PROVIDER SERVICE~N1*PE*CENTER FOR PSYCHOLOGICAL SERVIC*XX*1457686560~N3*491 AMWELL RD STE 1~N4*HILLSBOROUGH*NJ*088448212~REF*PQ*149850620~REF*TJ*263895688~LX*1~TS3*1144599416*11*20131231*1*150~CLP*0000001*1*150*10*50*13*1307220724590000*11~NM1*QC*1*YOUNGBERG*KENT~NM1*IL*1*YOUNGBERG*KENT****MI*BBP6SF4A~NM1*82*2*CENTER FOR PSYCHOLOGICAL SERVIC*****XX*1144599416~REF*1L*377443-006~DTM*050*20130722~DTM*232*20130712~DTM*233*20130712~PER*CX**TE*8006240756~AMT*AU*150~SVC*HC:90834*150*10**1~DTM*472*20130712~CAS*CO*45*90~CAS*PR*3*50~REF*6R*00000000001~AMT*B6*60~LQ*HE*N59~SE*34*0002~GE*2*149037109~IEA*1*149037109~
