ISA*00*          *00*          *ZZ*330897513      *ZZ*ASSOCIATEDBC   *130805*0509*^*00501*149142669*0*P*:~GS*HP*330897513*ASSOCIATEDBC*20130805*0509*149142669*X*005010X221A1~ST*835*0001~BPR*I*25*C*ACH*CCP*01*031100209*DA*0038865237*1066033492**01*031201360*DA*7869322623*20130807~TRN*1*160802130022841*1066033492~REF*EV*330897513~DTM*405*20130803~N1*PR*AETNA~N3*151 FARMINGTON AVENUE~N4*HARTFORD*CT*06156~PER*BL*PROVIDER SERVICE~N1*PE*CENTER FOR PSYCHOLOGICAL SERVIC*XX*1457686560~N3*491 AMWELL RD STE 103~N4*HILLSBOROUGH*NJ*088448212~REF*PQ*149850620~REF*TJ*263895688~LX*1~TS3*1275694077*11*20131231*2*375~CLP*731935361*1*200*0*70*HM*130731E459000000*11*1~NM1*QC*1*LOVELL*LISA****MI*BBQ7WNJA~NM1*82*2*CENTER FOR PSYCHOLOGICAL SERVIC*****XX*1275694077~REF*1L*396854-001~DTM*050*20130731~DTM*232*20130725~DTM*233*20130725~PER*CX**TE*8006240756~AMT*AU*200~SVC*HC:90791*200*0**1~DTM*472*20130725~CAS*CO*45*130~CAS*PR*1*70~REF*6R*795731935361~AMT*B6*70~CLP*731935364*1*175*25*35*HM*130731E525840000*11*1~NM1*QC*1*MCNEIL*ELIZABETH~NM1*IL*1*MCNEIL*DOUGLAS****MI*BBJ9SMCC~NM1*82*2*CENTER FOR PSYCHOLOGICAL SERVIC*****XX*1275694077~REF*1L*00340A-005~REF*CE*FED EMPLOYEE PLAN NET 01961~DTM*050*20130731~DTM*232*20130725~DTM*233*20130725~PER*CX**TE*8006240756~AMT*AU*175~SVC*HC:90834*175*25**1~DTM*472*20130725~CAS*CO*45*115~CAS*PR*3*35~REF*6R*799731935364~AMT*B6*60~LQ*HE*N59~SE*50*0001~GE*1*149142669~IEA*1*149142669~
