ISA*00*          *00*          *ZZ*330897513      *ZZ*ASSOCIATEDBC   *130805*2046*U*00401*149251516*0*P*:~GS*HP*330897513*ASSOCIATEDBC*20130805*2046*149251516*X*004010X091A1~ST*835*0001~BPR*H*0*C*NON************20130802~TRN*1*0015439533*1220999690*8352013080303340743~REF*EV*1902991391~DTM*405*20130802~N1*PR*HORIZON BCBSNJ~N3*PAYOR ADDRESS 1~N4*NEWARK*NJ*071010420~REF*2U*22099~N1*PE*M M WIESE WAIBEL LCSW*XX*1902991391~N3*800 RARITAN RD~N4*CLARK*NJ*070661710~REF*PQ*2621359190~REF*TJ*262135919~LX*1~CLP*15100A130726*1*125*0*125*13*780261321220141   00**1~NM1*QC*1*KACEREK*CRYSTAL****MI*YHX3HZN07394940~NM1*IL*1*YAWLAK*BRIAN****MI*3HZN073949400~NM1*82*2*M M WIESE WAIBEL LCSW*****XX*1902991391~DTM*050*20130730~DTM*232*20130726~DTM*233*20130726~PER*CX*NATIONAL ACCOUNTS POS*TE*8006244758~SVC*HC:99199*125*0**1*HC:90834~DTM*472*20130726~CAS*PR*27*125~REF*6R*0~REF*HPI*1902991391~SE*29*0001~ST*835*0002~BPR*I*0*C*NON******1042674079******20130805~TRN*1*000000000*1042674079~REF*EV*SL0002~REF*F2*3000-001~DTM*405*20130802~N1*PR*TUFTS ASSOCIATED HEALTH MAINTENANCE ORG INC.~N3*PO BOX 9163~N4*WATERTOWN*MA*024719163~REF*2U*04298~PER*CX*EDI OPERATIONS*TE*8888808699*EX*4042~N1*PE*GULLA JAMES P. LCMHC*XX*1922200658~LX*1~CLP*726071194*1*250*0**HM*3198A6KQ~NM1*QC*1*SLAUTER-WORTHEN*DARCY****MI*888726172   04~NM1*74*1*WORTHEN**A~SVC*HC:90837*125*0**1~DTM*472*20130626~CAS*PI*197*125~REF*6R*360726071194~SVC*HC:90837*125*0**1~DTM*472*20130703~CAS*PI*197*125~REF*6R*361726071194~SE*25*0002~GE*2*149251516~IEA*1*149251516~
