ISA*00*          *00*          *ZZ*330897513      *ZZ*ASSOCIATEDBC   *130806*1328*^*00501*149339826*0*P*:~GS*HP*330897513*ASSOCIATEDBC*20130806*1328*149339826*X*005010X221A1~ST*835*0001~BPR*I*304*C*ACH*CCP*01*011900445*DA*0000009046*1066033492**01*031201360*DA*7869322623*20130812~TRN*1*813218530000420*1066033492~REF*EV*330897513~DTM*405*20130806~N1*PR*AETNA~N3*151 FARMINGTON AVENUE~N4*HARTFORD*CT*06156~PER*BL*PROVIDER SERVICE~N1*PE*CENTER FOR PSYCHOLOGICAL SERVICES OF SOMERSET COUN*XX*1144599416~N3*491 AMWELL RD STE 1~N4*HILLSBOROUGH*NJ*088448212~REF*PQ*149850620~REF*TJ*263895688~LX*1~TS3*1144599416*11*20131231*6*1050~CLP*731390491*1*150*45*15*13*EFPA8G6TV0000*11*1~NM1*QC*1*STROFF*LAUREL****MI*W049846441~NM1*82*1*RITTER*LINDA****XX*1144599416~REF*1L*0701087-022-00004-UA~REF*CE*AETNA CHOICE  POS II NET 01449~DTM*050*20130730~DTM*232*20130719~DTM*233*20130719~PER*CX**TE*8886323862~AMT*AU*150~SVC*HC:90834*150*45**1~DTM*472*20130719~CAS*CO*45*90~CAS*PR*3*15~REF*6R*086731390491~AMT*B6*60~CLP*731390492*1*300*90*30*13*EFYZ8HD9V0000*11*1~NM1*QC*1*SUCHARITA*BHATTA CHARYGA****MI*W183770480~NM1*74*1*BHATTACHARYYA*SUCHARITA~NM1*82*1*RITTER*LINDA****XX*1144599416~REF*1L*0479265-018-00001- A~REF*CE*AETNA CHOICE  POS II NET 01449~DTM*050*20130730~DTM*232*20130720~DTM*233*20130727~PER*CX**TE*8886323862~AMT*AU*300~SVC*HC:90834*150*45**1~DTM*472*20130720~CAS*CO*45*90~CAS*PR*3*15~REF*6R*087731390492~AMT*B6*60~SVC*HC:90834*150*45**1~DTM*472*20130727~CAS*CO*45*90~CAS*PR*3*15~REF*6R*088731390492~AMT*B6*60~CLP*731390485*1*150*54*6*13*E7AA7XZ960000*11*1~NM1*QC*1*BURMAN*DIANE~NM1*IL*1*BURMAN*DAVID****MI*W461166667~NM1*82*1*RITTER*LINDA****XX*1144599416~REF*1L*0800215-018-00001- I~DTM*050*20130730~DTM*232*20130722~DTM*233*20130722~PER*CX**TE*8886323862~AMT*AU*150~SVC*HC:90834*150*54**1~DTM*472*20130722~CAS*CO*45*90~CAS*PR*2*6~REF*6R*079731390485~AMT*B6*60~CLP*731390487*1*150*40*20*13*E7TV7YWR80000*11*1~NM1*QC*1*MUNDHENK*JEANNE****MI*W179558789~NM1*82*1*RITTER*LINDA****XX*1144599416~REF*1L*0479237-032-00012- A~REF*CE*AETNA CHOICE  POS II NET 01449~DTM*050*20130730~DTM*232*20130723~DTM*233*20130723~PER*CX**TE*8886323862~AMT*AU*150~SVC*HC:90834*150*40**1~DTM*472*20130723~CAS*CO*45*90~CAS*PR*3*20~REF*6R*082731390487~AMT*B6*60~CLP*731390488*1*150*45*15*13*E8FA7YRF50000*11*1~NM1*QC*1*PORTILLA*DEVIN~NM1*IL*1*PORTILLA*KRISTINA****MI*W142312241~NM1*82*1*RITTER*LINDA****XX*1144599416~REF*1L*0701087-022-00002-UA~REF*CE*AETNA CHOICE  POS II NET 01449~DTM*050*20130730~DTM*232*20130719~DTM*233*20130719~PER*CX**TE*8886323862~AMT*AU*150~SVC*HC:90834*150*45**1~DTM*472*20130719~CAS*CO*45*90~CAS*PR*3*15~REF*6R*083731390488~AMT*B6*60~CLP*731390490*1*150*30*30*13*E8PA7XTSN0000*11*1~NM1*QC*1*STANISLAW*DANIEL~NM1*IL*1*BURSKY*REBECCA****MI*W140124230~NM1*82*1*RITTER*LINDA****XX*1144599416~REF*1L*0836425-011-00001- D~REF*CE*AETNA CHOICE  POS II NET 01449~DTM*050*20130730~DTM*232*20130722~DTM*233*20130722~PER*CX**TE*8886323862~AMT*AU*150~SVC*HC:90834*150*30**1~DTM*472*20130722~CAS*CO*45*90~CAS*PR*3*30~REF*6R*085731390490~AMT*B6*60~SE*122*0001~ST*835*0002~BPR*I*120*C*ACH*CCP*01*031100209*DA*0000009108*1066033492**01*031201360*DA*7869322623*20130812~TRN*1*813218560000453*1066033492~REF*EV*330897513~DTM*405*20130806~N1*PR*AETNA~N3*151 FARMINGTON AVENUE~N4*HARTFORD*CT*06156~PER*BL*PROVIDER SERVICE~N1*PE*CENTER FOR PSYCHOLOGICAL SERVICES OF SOMERSET COUN*XX*1144599416~N3*491 AMWELL RD STE 1~N4*HILLSBOROUGH*NJ*088448212~REF*PQ*149850620~REF*TJ*263895688~LX*1~TS3*1144599416*11*20131231*1*300~CLP*731390486*1*300*120**13*E7JK7YLMG0000*11*1~NM1*QC*1*MORY*DAVID~NM1*IL*1*MORY*DIANE****MI*W187130803~NM1*82*1*RITTER*LINDA****XX*1144599416~REF*1L*0307281-011-00001-AA~DTM*050*20130730~DTM*232*20130719~DTM*233*20130727~PER*CX**TE*8886323862~AMT*AU*300~SVC*HC:90834*150*60**1~DTM*472*20130719~CAS*CO*45*90~REF*6R*080731390486~AMT*B6*60~SVC*HC:90834*150*60**1~DTM*472*20130727~CAS*CO*45*90~REF*6R*081731390486~AMT*B6*60~SE*37*0002~ST*835*0003~BPR*I*598*C*ACH*CCP*01*011900445*DA*0000009046*1066033492**01*031201360*DA*7869322623*20130812~TRN*1*813218510000488*1066033492~REF*EV*330897513~DTM*405*20130806~N1*PR*AETNA~N3*151 FARMINGTON AVENUE~N4*HARTFORD*CT*06156~PER*BL*PROVIDER SERVICE~N1*PE*CENTER FOR PSYCHOLOGICAL SERVICES OF SOMERSET COUN*XX*1457686560~N3*491 AMWELL RD STE 103~N4*HILLSBOROUGH*NJ*088448212~REF*PQ*149850620~REF*TJ*263895688~LX*1~TS3*1457686560*11*20131231*3*525~CLP*0*1*175*53*20*13*EHPA8JTB70000*11~NM1*QC*1*BRACKEN*CHERYL~NM1*IL*1*BRACKEN*JOHN****MI*W160219241~NM1*82*1*DEMARZO*LAURA****XX*1255372603~REF*1L*0469701-010-00001-MB~REF*CE*AETNA CHOICE  POS II NET 01449~DTM*050*20130805~DTM*232*20130724~DTM*233*20130724~PER*CX**TE*8886323862~AMT*AU*175~SVC*HC:90834*175*53**1~DTM*472*20130724~CAS*CO*45*102~CAS*PR*3*20~REF*6R*00000000001~AMT*B6*73~CLP*0*1*175*53*20*13*EJAA8K4C90000*11~NM1*QC*1*KOWALS*DONNA~NM1*IL*1*KOWALS*WILLIAM****MI*W142607390~NM1*82*1*DEMARZO*LAURA****XX*1255372603~REF*1L*0884166-050-00201-JA~REF*CE*AETNA CHOICE  POS II NET 01449~DTM*050*20130805~DTM*232*20130723~DTM*233*20130723~PER*CX**TE*8886323862~AMT*AU*175~SVC*HC:90834*175*53**1~DTM*472*20130723~CAS*CO*45*102~CAS*PR*3*20~REF*6R*00000000001~AMT*B6*73~CLP*0*1*175*43*30*13*E2PA7Z96T0000*11~NM1*QC*1*BOROWSKI*ROBERT~NM1*IL*1*BOROWSKI*VIRNI****MI*W159995912~NM1*74*1**VIRNA*B~NM1*82*1*DEMARZO*LAURA****XX*1255372603~REF*1L*0622709-010-00048- A~REF*CE*AETNA CHOICE  POS II NET 01449~DTM*050*20130805~DTM*232*20130718~DTM*233*20130718~PER*CX**TE*8886323862~AMT*AU*175~SVC*HC:90834*175*43**1~DTM*472*20130718~CAS*CO*45*102~CAS*PR*3*30~REF*6R*00000000001~AMT*B6*73~LX*2~TS3*1457686560*11*20131231*1*150~CLP*0*1*150*45*15*13*EA348JTJZ0000*11~NM1*QC*1*CAVALIERI*LYNN~NM1*IL*1*CAVALIERI*LYNN****MI*823608993~NM1*74*1******C*W175864300~NM1*82*1*LORANT*SUZANNE****XX*1568514024~REF*1L*0326475-010-00155-AA~REF*CE*AETNA CHOICE  POS II NET 01449~DTM*050*20130805~DTM*232*20130724~DTM*233*20130724~PER*CX**TE*8886323862~AMT*AU*150~SVC*HC:90834*150*45**1~DTM*472*20130724~CAS*CO*45*90~CAS*PR*3*15~REF*6R*00000000001~AMT*B6*60~LX*3~TS3*1457686560*11*20131231*1*300~CLP*0*1*300*90*30*13*ESYZ705MP0000*11~NM1*QC*1*GIRI*RIA~NM1*IL*1*BHATTACHARYYA*SUCHARITA****MI*W183770480~NM1*82*1*MULVANERTON*MAUREEN****XX*1750568705~REF*1L*0479265-018-00001- A~REF*CE*AETNA CHOICE  POS II NET 01449~DTM*050*20130805~DTM*232*20130720~DTM*233*20130727~PER*CX**TE*8886323862~AMT*AU*300~SVC*HC:90834*150*45**1~DTM*472*20130720~CAS*CO*45*90~CAS*PR*3*15~REF*6R*00000000001~AMT*B6*60~SVC*HC:90834*150*45**1~DTM*472*20130727~CAS*CO*45*90~CAS*PR*3*15~REF*6R*00000000002~AMT*B6*60~LX*4~TS3*1275694077*11*20131231*6*1075~CLP*731935359*1*175*54*6*13*EQTV8JBQ70000*11*1~NM1*QC*1*BURMAN*DAVID****MI*W461166667~NM1*82*1*HURT*DEBBIE****XX*1275694077~REF*1L*0800215-018-00001- I~DTM*050*20130731~DTM*232*20130723~DTM*233*20130723~PER*CX**TE*8886323862~AMT*AU*175~SVC*HC:90834*175*54**1~DTM*472*20130723~CAS*CO*45*115~CAS*PR*2*6~REF*6R*793731935359~AMT*B6*60~CLP*731935363*1*200*45*25*13*ERWX8G68C0000*11*1~NM1*QC*1*MATTEO*GINA~NM1*IL*1*MATTEO*NICK****MI*W188541718~NM1*82*1*HURT*DEBBIE****XX*1275694077~MIA*0****MA15~REF*1L*0100160-010-00001-OA~REF*CE*AETNA CHOICE  POS II NET 01449~DTM*050*20130731~DTM*232*20130717~DTM*233*20130717~PER*CX**TE*8886323862~AMT*AU*200~SVC*HC:90791*200*45**1~DTM*472*20130717~CAS*CO*45*130~CAS*PR*3*25~REF*6R*797731935363~AMT*B6*70~CLP*731935363*1*175*35*25*13*ERWX8G68C0001*11*1~NM1*QC*1*MATTEO*GINA~NM1*IL*1*MATTEO*NICK****MI*W188541718~NM1*82*1*HURT*DEBBIE****XX*1275694077~MIA*0****MA15~REF*1L*0100160-010-00001-OA~REF*CE*AETNA CHOICE  POS II NET 01449~DTM*050*20130731~DTM*232*20130723~DTM*233*20130723~PER*CX**TE*8886323862~AMT*AU*175~SVC*HC:90834*175*35**1~DTM*472*20130723~CAS*CO*45*115~CAS*PR*3*25~REF*6R*798731935363~AMT*B6*60~CLP*731935360*1*175*45*15*13*ER568H97D0000*11*1~NM1*QC*1*HEMSTOCK*SUSAN****MI*822599711~NM1*74*1**SUZAN*G***C*W175700063~NM1*82*1*HURT*DEBBIE****XX*1275694077~REF*1L*0326475-010-00155-AB~REF*CE*AETNA CHOICE  POS II NET 01449~DTM*050*20130731~DTM*232*20130717~DTM*233*20130717~PER*CX**TE*8886323862~AMT*AU*175~SVC*HC:90834*175*45**1~DTM*472*20130717~CAS*CO*45*115~CAS*PR*3*15~REF*6R*794731935360~AMT*B6*60~CLP*731935366*1*175*45*15*13*ESYZ7ZNBQ0000*11*1~NM1*QC*1*WATSON*DAVID~NM1*IL*1*WATSON*KATRINA****MI*9140860054~NM1*74*1***M***C*W177576366~NM1*82*1*HURT*DEBBIE****XX*1275694077~REF*1L*0326475-010-00155-AB~REF*CE*AETNA CHOICE  POS II NET 01449~DTM*050*20130731~DTM*232*20130717~DTM*233*20130717~PER*CX**TE*8886323862~AMT*AU*175~SVC*HC:90834*175*45**1~DTM*472*20130717~CAS*CO*45*115~CAS*PR*3*15~REF*6R*801731935366~AMT*B6*60~CLP*731935367*1*175*45*15*13*ET347YR2C0000*11*1~NM1*QC*1*WATSON*KATRINA****MI*820230237~NM1*74*1***M***C*W177576366~NM1*82*1*HURT*DEBBIE****XX*1275694077~REF*1L*0326475-010-00155-AB~REF*CE*AETNA CHOICE  POS II NET 01449~DTM*050*20130731~DTM*232*20130716~DTM*233*20130716~PER*CX**TE*8886323862~AMT*AU*175~SVC*HC:90834*175*45**1~DTM*472*20130716~CAS*CO*45*115~CAS*PR*3*15~REF*6R*802731935367~AMT*B6*60~LX*5~TS3*1457686560*11*20131231*1*175~CLP*0*1*175*45*15*13*ESPA7Z9CQ0000*11~NM1*QC*1*VANDERBEEK*JOHN*R~NM1*IL*1*CROFTS*FRANCIS****MI*WV142202122~NM1*74*1**FRANCES*G***C*W142202122~NM1*82*1*HOUSER*MEGAN****XX*1972844751~REF*1L*0701087-022-00003-UA~REF*CE*AETNA CHOICE  POS II NET 01449~DTM*050*20130805~DTM*232*20130722~DTM*233*20130722~PER*CX**TE*8886323862~AMT*AU*175~SVC*HC:90834*175*45**1~DTM*472*20130722~CAS*CO*45*115~CAS*PR*3*15~REF*6R*00000000001~AMT*B6*60~SE*239*0003~ST*835*0004~BPR*I*20*C*ACH*CCP*01*031100209*DA*0000009108*1066033492**01*031201360*DA*7869322623*20130812~TRN*1*813218490000512*1066033492~REF*EV*330897513~DTM*405*20130806~N1*PR*AETNA~N3*151 FARMINGTON AVENUE~N4*HARTFORD*CT*06156~PER*BL*PROVIDER SERVICE~N1*PE*CENTER FOR PSYCHOLOGICAL SERVICES OF SOMERSET COUN*XX*1457686560~N3*491 AMWELL RD STE 103~N4*HILLSBOROUGH*NJ*088448212~REF*PQ*149850620~REF*TJ*263895688~LX*1~TS3*1275694077*11*20131231*2*350~CLP*731935358*1*175*10*50*HM*EQJK8JCDV0000*11*1~NM1*QC*1*ASHFORTH*BARRY****MI*BBMQ0HJA~NM1*74*1***W***C*W199677401~NM1*82*1*HURT*DEBBIE****XX*1275694077~REF*1L*0576097-035-00000- B~DTM*050*20130731~DTM*232*20130726~DTM*233*20130726~PER*CX**TE*8886323862~AMT*AU*175~SVC*HC:90834*175*10**1~DTM*472*20130726~CAS*CO*45*115~CAS*PR*3*50~REF*6R*792731935358~AMT*B6*60~CLP*731935365*1*175*10*50*HM*ESPA7YR2P0000*11*1~NM1*QC*1*OMILIAN*CYNDI****MI*W200901252~NM1*74*1**FRANK*A**IV~NM1*82*1*HURT*DEBBIE****XX*1275694077~REF*1L*0582366-035-00000- A~DTM*050*20130731~DTM*232*20130723~DTM*233*20130723~PER*CX**TE*8886323862~AMT*AU*175~SVC*HC:90834*175*10**1~DTM*472*20130723~CAS*CO*45*115~CAS*PR*3*50~REF*6R*800731935365~AMT*B6*60~SE*49*0004~GE*4*149339826~IEA*1*149339826~
