ISA*00*          *00*          *ZZ*330897513      *ZZ*ASSOCIATEDBC   *130808*1743*^*00501*149676556*0*P*:~GS*HP*330897513*ASSOCIATEDBC*20130808*1743*149676556*X*005010X221A1~ST*835*0001~BPR*I*80*C*ACH*CCP*01*055003201*DA*2000026932448*1522135463**01*031201360*DA*7869322623*20130807~TRN*1*145592*1522135463*IBC2~REF*EV*330897513~REF*F2*CAPS STL~DTM*405*20130807~N1*PR*MAGELLAN BEHAVIORAL HEALTH OF NEW JERSEY, LLC.~N3*P.O. BOX 1958~N4*MARYLAND HEIGHTS*MO*63043~PER*CX**TE*8006881911~PER*BL*MAGELLAN EDI*TE*3143875890~N1*PE*CENTER FOR PSYCHOLOGICAL SERVI*XX*1457686560~N3*491 AMWELL RD BLDG 1*STE 103~N4*HILLSBOROUGH*NJ*088448212~REF*TJ*263895688~LX*1~CLP*NA*1*375*30*100*HM*112904697~NM1*QC*1*PLYTYNSKI*ALAINA****MI*155740703BG~NM1*82*1*HURT*DEBBIE L****XX*1275694077~REF*F8*13217004003400~DTM*050*20130805~DTM*232*20130716~DTM*233*20130723~SVC*HC:90791*200*20**1~DTM*472*20130716~CAS*CO*45*130~CAS*PR*3*50~REF*HPI*1275694077~AMT*B6*70~SVC*HC:90834*175*10**1~DTM*472*20130723~CAS*CO*45*115~CAS*PR*3*50~REF*HPI*1275694077~AMT*B6*60~LX*2~CLP*NA*1*150*10*50*HM*112904698~NM1*QC*1*HOFFMAN*SUSAN*J***MI*113605113BG~NM1*82*1*HEEG*KATHERINE A****XX*1497833776~REF*F8*13217004003401~DTM*050*20130805~DTM*232*20130726~DTM*233*20130726~SVC*HC:90834*150*10**1~DTM*472*20130726~CAS*CO*45*90~CAS*PR*3*50~REF*HPI*1497833776~AMT*B6*60~LX*3~CLP*N/A*1*300*40*80*HM*112927705~NM1*QC*1*DEPAOLA*MICHAEL****MI*152645749BG~NM1*82*1*RITTER*LINDA****XX*1144599416~DTM*050*20130805~DTM*232*20130716~DTM*233*20130723~SVC*HC:90834*150*20**1~DTM*472*20130716~CAS*CO*45*90~CAS*PR*3*40~REF*HPI*1144599416~AMT*B6*60~SVC*HC:90834*150*20**1~DTM*472*20130723~CAS*CO*45*90~CAS*PR*3*40~REF*HPI*1144599416~AMT*B6*60~SE*69*0001~ST*835*0002~BPR*I*80.14*C*ACH*CCP*01*081517693*DA*152302017073*1205296137**01*221272303*DA*3010001018*20130806~TRN*1*885808505*1205296137~REF*EV*1929361~DTM*405*20130805~N1*PR*NOVITAS SOLUTIONS, INC.~N3*PO BOX 3031~N4*MECHANICSBURG*PA*170551803~REF*2U*12402~PER*CX**TE*8772358073~PER*BL*NOVITAS SOLUTIONS, INC. EDI SERVICES*TE*8772358073*EX*1*EM*WEBSITEEDI@NOVITAS_SOLUTIONS.COM~N1*PE*MAUREEN J. HUDAK  CP*XX*1013063346~N3*SUITE 2A*47 RARITAN AVE~N4*HIGHLAND PARK*NJ*089042440~REF*TJ*142460069~LX*1~CLP*156801936 A*19*225*80.14*44.04*MB*0813189159310*11~NM1*QC*1*MARIANO*MELISSA****HN*156801936A~NM1*TT*2*COMMONWEALTH OF PENNSYLVANIA*****PI*70031~MOA***MA01*MA07~DTM*050*20130708~SVC*HC:90837*225*80.14**1~DTM*472*20130626~CAS*CO*45*99.18**223*1.64~CAS*PR*2*20.45**122*23.59~REF*6R*LX#01~REF*LU*11~AMT*B6*125.82~SE*29*0002~ST*835*0003~BPR*I*205.85*C*ACH*CCP*01*081517693*DA*152302017073*1205296137**01*221271935*DA*023856318*20130806~TRN*1*885804923*1205296137~REF*EV*1929361~DTM*405*20130805~N1*PR*NOVITAS SOLUTIONS, INC.~N3*PO BOX 3031~N4*MECHANICSBURG*PA*170551803~REF*2U*12402~PER*CX**TE*8772358073~PER*BL*NOVITAS SOLUTIONS, INC. EDI SERVICES*TE*8772358073*EX*1*EM*WEBSITEEDI@NOVITAS_SOLUTIONS.COM~N1*PE*NANCY J. SAXTON LOPEZ  CSW*XX*1053490193~N3*SUITE 3C*6 PROSPECT STREET~N4*MIDLAND PARK*NJ*074321634~REF*TJ*096386775~LX*1~CLP*0*19*125*41.17*22.62*MB*0813189159070*11~NM1*QC*1*BAUER JR*WALTER*W***HN*146286708A~NM1*TT*2*HORIZON BCBS OF NEW JERSEY*****PI*00019~MOA***MA01*MA18~DTM*050*20130708~SVC*HC:90834*125*41.17**1~DTM*472*20130626~CAS*CO*45*60.37**223*0.84~CAS*PR*2*10.5**122*12.12~REF*6R*LX#01~REF*LU*11~AMT*B6*64.63~CLP*0*19*125*41.17*22.62*MB*0813189159060*11~NM1*QC*1*BOCCHINO*MARIANNE****HN*156327016A~NM1*TT*2*HORIZON BCBS OF NEW JERSEY*****PI*80003~MOA***MA01*MA18~DTM*050*20130708~SVC*HC:90834*125*41.17**1~DTM*472*20130626~CAS*CO*45*60.37**223*0.84~CAS*PR*2*10.5**122*12.12~REF*6R*LX#01~REF*LU*11~AMT*B6*64.63~CLP*0*19*125*41.17*22.62*MB*0813189159080*11~NM1*QC*1*BOCCHINO*MARIANNE****HN*156327016A~NM1*TT*2*HORIZON BCBS OF NEW JERSEY*****PI*80003~MOA***MA01*MA18~DTM*050*20130708~SVC*HC:90834*125*41.17**1~DTM*472*20130619~CAS*CO*45*60.37**223*0.84~CAS*PR*2*10.5**122*12.12~REF*6R*LX#01~REF*LU*11~AMT*B6*64.63~CLP*0*19*125*41.17*22.62*MB*0813189159090*11~NM1*QC*1*DANIEL*JANE****HN*058402469T~NM1*TT*2*UNITEDHEALTHCARE*****PI*00082~MOA***MA01*MA27*MA18~DTM*050*20130708~SVC*HC:90834*125*41.17**1~DTM*472*20130626~CAS*CO*45*60.37**223*0.84~CAS*PR*2*10.5**122*12.12~REF*6R*LX#01~REF*LU*11~AMT*B6*64.63~CLP*NANCY SAXT0NL*1*125*41.17*22.62*MB*0813189159100*11~NM1*QC*1*LAURITANO*AMY****HN*141844679A~MOA***MA01~DTM*050*20130708~SVC*HC:90834*125*41.17**1~DTM*472*20130624~CAS*CO*45*60.37**223*0.84~CAS*PR*2*10.5**122*12.12~REF*6R*LX#01~REF*LU*11~AMT*B6*64.63~SE*76*0003~ST*835*0004~BPR*I*205.85*C*ACH*CCP*01*081517693*DA*152302017073*1205296137**01*021200339*DA*009001064684*20130806~TRN*1*885805550*1205296137~REF*EV*1929361~DTM*405*20130805~N1*PR*NOVITAS SOLUTIONS, INC.~N3*PO BOX 3031~N4*MECHANICSBURG*PA*170551803~REF*2U*12402~PER*CX**TE*8772358073~PER*BL*NOVITAS SOLUTIONS, INC. EDI SERVICES*TE*8772358073*EX*1*EM*WEBSITEEDI@NOVITAS_SOLUTIONS.COM~N1*PE*EUNICE P. EUROPA*XX*1205985884~N3*28 MORRIS ROAD~N4*TENAFLY*NJ*076702427~REF*TJ*141305923~LX*1~CLP*092368750M*19*150*41.17*22.62*MB*0813189159270*11~NM1*QC*1*FOX*LINDA****HN*092368750M~NM1*TT*2*NJ DEPT. OF HUMAN SERVICES*****PI*70079~MOA***MA01*MA07~DTM*050*20130708~SVC*HC:90834*150*41.17**1~DTM*472*20130619~CAS*CO*45*85.37**223*0.84~CAS*PR*2*10.5**122*12.12~REF*6R*LX#01~REF*LU*11~AMT*B6*64.63~CLP*155324974A*1*150*41.17*22.62*MB*0813189159280*11~NM1*QC*1*GOODNOUGH*SUSAN****HN*155324974A~MOA***MA01~DTM*050*20130708~SVC*HC:90834*150*41.17**1~DTM*472*20130619~CAS*CO*45*85.37**223*0.84~CAS*PR*2*10.5**122*12.12~REF*6R*LX#01~REF*LU*11~AMT*B6*64.63~CLP*156303340A*1*250*82.34*45.24*MB*0813189159290*11~NM1*QC*1*ST JOHN*CAROL*C***HN*156303340A~MOA***MA01~DTM*050*20130708~SVC*HC:90834*125*41.17**1~DTM*472*20130618~CAS*CO*45*60.37**223*0.84~CAS*PR*2*10.5**122*12.12~REF*6R*LX#01~REF*LU*11~AMT*B6*64.63~SVC*HC:90834*125*41.17**1~DTM*472*20130619~CAS*CO*45*60.37**223*0.84~CAS*PR*2*10.5**122*12.12~REF*6R*LX#02~REF*LU*11~AMT*B6*64.63~CLP*153522271A*1*150*41.17*22.62*MB*0813189159300*11~NM1*QC*1*WINE*DONNA****HN*153522271A~MOA***MA01~DTM*050*20130708~SVC*HC:90834*150*41.17**1~DTM*472*20130618~CAS*CO*45*85.37**223*0.84~CAS*PR*2*10.5**122*12.12~REF*6R*LX#01~REF*LU*11~AMT*B6*64.63~SE*69*0004~ST*835*0005~BPR*I*439.12*C*ACH*CCP*01*081517693*DA*152302017073*1205296137**01*021200339*DA*000023232862*20130806~TRN*1*885808356*1205296137~REF*EV*1929361~DTM*405*20130805~N1*PR*NOVITAS SOLUTIONS, INC.~N3*PO BOX 3031~N4*MECHANICSBURG*PA*170551803~REF*2U*12402~PER*CX**TE*8772358073~PER*BL*NOVITAS SOLUTIONS, INC. EDI SERVICES*TE*8772358073*EX*1*EM*WEBSITEEDI@NOVITAS_SOLUTIONS.COM~N1*PE*OWEN K. ISAACS III*XX*1235293879~N3*SUITE 201*29 CLYDE ROAD~N4*SOMERSET*NJ*088735040~REF*TJ*153327013~LX*1~CLP*0*1*300*109.78*60.32*MB*0813189158960*11~NM1*QC*1*ALEVRITIS*DORINDA****HN*152643242A~MOA***MA01~DTM*050*20130708~SVC*HC:90834*150*54.89**1~DTM*472*20130604~CAS*CO*45*63.83**223*1.12~CAS*PR*2*14**122*16.16~REF*6R*LX#01~REF*LU*11~AMT*B6*86.17~SVC*HC:90834*150*54.89**1~DTM*472*20130618~CAS*CO*45*63.83**223*1.12~CAS*PR*2*14**122*16.16~REF*6R*LX#02~REF*LU*11~AMT*B6*86.17~CLP*0*19*300*109.78*60.32*MB*0813189158950*11~NM1*QC*1*GONZALES*EVELYN****HN*264745303A~NM1*TT*2*MUTUAL OF OMAHA INSURANCE COMP*****PI*30090~MOA***MA01*MA18~DTM*050*20130708~SVC*HC:90834*150*54.89**1~DTM*472*20130611~CAS*CO*45*63.83**223*1.12~CAS*PR*2*14**122*16.16~REF*6R*LX#01~REF*LU*11~AMT*B6*86.17~SVC*HC:90834*150*54.89**1~DTM*472*20130625~CAS*CO*45*63.83**223*1.12~CAS*PR*2*14**122*16.16~REF*6R*LX#02~REF*LU*11~AMT*B6*86.17~CLP*0*1*300*109.78*60.32*MB*0813189159330*11~NM1*QC*1*HILLSMAN*RODNEY*E***HN*145566109A~MOA***MA01~DTM*050*20130708~SVC*HC:90834*150*54.89**1~DTM*472*20130611~CAS*CO*45*63.83**223*1.12~CAS*PR*2*14**122*16.16~REF*6R*LX#01~REF*LU*11~AMT*B6*86.17~SVC*HC:90834*150*54.89**1~DTM*472*20130625~CAS*CO*45*63.83**223*1.12~CAS*PR*2*14**122*16.16~REF*6R*LX#02~REF*LU*11~AMT*B6*86.17~CLP*0WENK 1SAACS*1*300*109.78*60.32*MB*0813189159320*11~NM1*QC*1*SHANAHAN*COLIN*F***HN*151540846A~MOA***MA01~DTM*050*20130708~SVC*HC:90834*150*54.89**1~DTM*472*20130612~CAS*CO*45*63.83**223*1.12~CAS*PR*2*14**122*16.16~REF*6R*LX#01~REF*LU*11~AMT*B6*86.17~SVC*HC:90834*150*54.89**1~DTM*472*20130627~CAS*CO*45*63.83**223*1.12~CAS*PR*2*14**122*16.16~REF*6R*LX#02~REF*LU*11~AMT*B6*86.17~SE*90*0005~ST*835*0006~BPR*I*109.78*C*ACH*CCP*01*081517693*DA*152302017073*1205296137**01*021200025*DA*2000031302801*20130806~TRN*1*885808506*1205296137~REF*EV*1929361~DTM*405*20130805~N1*PR*NOVITAS SOLUTIONS, INC.~N3*PO BOX 3031~N4*MECHANICSBURG*PA*170551803~REF*2U*12402~PER*CX**TE*8772358073~PER*BL*NOVITAS SOLUTIONS, INC. EDI SERVICES*TE*8772358073*EX*1*EM*WEBSITEEDI@NOVITAS_SOLUTIONS.COM~N1*PE*DAVID SIEGMAN  CP*XX*1306926589~N3*STE 140*47 RARITAN AVE~N4*HIGHLAND PARK*NJ*089042440~REF*TJ*300450564~LX*1~CLP*135363133 A*19*180*54.89*30.16*MB*0813189159110*11~NM1*QC*1*GALLOF*CAROLE*S***HN*135363133A~NM1*TT*2*AMERICAN CONTINENTAL INSU.*****PI*30074~MOA***MA01*MA18~DTM*050*20130708~SVC*HC:90834*180*54.89**1~DTM*472*20130617~CAS*CO*45*93.83**223*1.12~CAS*PR*2*14**122*16.16~REF*6R*LX#01~REF*LU*11~AMT*B6*86.17~CLP*DAV1D S1EGMAN*19*180*54.89*30.16*MB*0813189159120*11~NM1*QC*1*ROTHWEILER*L*N***HN*149280307A~NM1*TT*2*CONNECTICUT GENERAL LIFE INS CO*****PI*00018~MOA***MA01*MA18~DTM*050*20130708~SVC*HC:90834*180*54.89**1~DTM*472*20130620~CAS*CO*45*93.83**223*1.12~CAS*PR*2*14**122*16.16~REF*6R*LX#01~REF*LU*11~AMT*B6*86.17~SE*41*0006~ST*835*0007~BPR*I*988.02*C*ACH*CCP*01*081517693*DA*152302017073*1205296137**01*221283512*DA*95665700570381*20130806~TRN*1*885808233*1205296137~REF*EV*1929361~DTM*405*20130805~N1*PR*NOVITAS SOLUTIONS, INC.~N3*PO BOX 3031~N4*MECHANICSBURG*PA*170551803~REF*2U*12402~PER*CX**TE*8772358073~PER*BL*NOVITAS SOLUTIONS, INC. EDI SERVICES*TE*8772358073*EX*1*EM*WEBSITEEDI@NOVITAS_SOLUTIONS.COM~N1*PE*KAREN G. WAY*XX*1477603942~N3*38 JUNIPER LANE~N4*PISCATAWAY*NJ*088545632~REF*TJ*264523736~LX*1~CLP*088460853 A*19*900*329.34*180.96*MB*0813189159250*11~NM1*QC*1*ARON*JOANNA*D***HN*088460853A~NM1*TT*2*GHI PPO*****PI*00035~MOA***MA01*MA18~DTM*050*20130708~SVC*HC:90834*150*54.89**1~DTM*472*20130603~CAS*CO*45*63.83**223*1.12~CAS*PR*2*14**122*16.16~REF*6R*LX#01~REF*LU*11~AMT*B6*86.17~SVC*HC:90834*150*54.89**1~DTM*472*20130605~CAS*CO*45*63.83**223*1.12~CAS*PR*2*14**122*16.16~REF*6R*LX#02~REF*LU*11~AMT*B6*86.17~SVC*HC:90834*150*54.89**1~DTM*472*20130606~CAS*CO*45*63.83**223*1.12~CAS*PR*2*14**122*16.16~REF*6R*LX#03~REF*LU*11~AMT*B6*86.17~SVC*HC:90834*150*54.89**1~DTM*472*20130617~CAS*CO*45*63.83**223*1.12~CAS*PR*2*14**122*16.16~REF*6R*LX#04~REF*LU*11~AMT*B6*86.17~SVC*HC:90834*150*54.89**1~DTM*472*20130619~CAS*CO*45*63.83**223*1.12~CAS*PR*2*14**122*16.16~REF*6R*LX#05~REF*LU*11~AMT*B6*86.17~SVC*HC:90834*150*54.89**1~DTM*472*20130621~CAS*CO*45*63.83**223*1.12~CAS*PR*2*14**122*16.16~REF*6R*LX#06~REF*LU*11~AMT*B6*86.17~CLP*152423142W*19*300*109.78*60.32*MB*0813189159240*11~NM1*QC*1*BERBAUM*JOANNE*I***HN*152423142W~NM1*TT*2*HORIZON BCBS OF NEW JERSEY*****PI*30013~MOA***MA01*MA18~DTM*050*20130708~SVC*HC:90834*150*54.89**1~DTM*472*20130606~CAS*CO*45*63.83**223*1.12~CAS*PR*2*14**122*16.16~REF*6R*LX#01~REF*LU*11~AMT*B6*86.17~SVC*HC:90834*150*54.89**1~DTM*472*20130621~CAS*CO*45*63.83**223*1.12~CAS*PR*2*14**122*16.16~REF*6R*LX#02~REF*LU*11~AMT*B6*86.17~CLP*140784147 A*1*450*164.67*90.48*MB*0813189159230*11~NM1*QC*1*FOSTER*KELLY****HN*140784147A~MOA***MA01~DTM*050*20130708~SVC*HC:90834*150*54.89**1~DTM*472*20130606~CAS*CO*45*63.83**223*1.12~CAS*PR*2*14**122*16.16~REF*6R*LX#01~REF*LU*11~AMT*B6*86.17~SVC*HC:90834*150*54.89**1~DTM*472*20130619~CAS*CO*45*63.83**223*1.12~CAS*PR*2*14**122*16.16~REF*6R*LX#02~REF*LU*11~AMT*B6*86.17~SVC*HC:90834*150*54.89**1~DTM*472*20130621~CAS*CO*45*63.83**223*1.12~CAS*PR*2*14**122*16.16~REF*6R*LX#03~REF*LU*11~AMT*B6*86.17~CLP*135742336 A*19*150*54.89*30.16*MB*0813189159220*11~NM1*QC*1*HAMMOND*NORMAN****HN*135742336A~NM1*TT*2*NJ DEPT. OF HUMAN SERVICES*****PI*70080~MOA***MA01*MA07~DTM*050*20130708~SVC*HC:90834*150*54.89**1~DTM*472*20130618~CAS*CO*45*63.83**223*1.12~CAS*PR*2*14**122*16.16~REF*6R*LX#01~REF*LU*11~AMT*B6*86.17~CLP*124704137 A*19*300*109.78*60.32*MB*0813189159210*11~NM1*QC*1*KIM*SUN****HN*124704137A~NM1*TT*2*NJ DEPT. OF HUMAN SERVICES*****PI*70077~MOA***MA01*MA07~DTM*050*20130708~SVC*HC:90834*150*54.89**1~DTM*472*20130603~CAS*CO*45*63.83**223*1.12~CAS*PR*2*14**122*16.16~REF*6R*LX#01~REF*LU*11~AMT*B6*86.17~SVC*HC:90834*150*54.89**1~DTM*472*20130617~CAS*CO*45*63.83**223*1.12~CAS*PR*2*14**122*16.16~REF*6R*LX#02~REF*LU*11~AMT*B6*86.17~CLP*139762323 A*1*300*109.78*60.32*MB*0813189159190*11~NM1*QC*1*STAFFORD*JAMES****HN*139762323A~MOA***MA01~DTM*050*20130708~SVC*HC:90834*150*54.89**1~DTM*472*20130604~CAS*CO*45*63.83**223*1.12~CAS*PR*2*14**122*16.16~REF*6R*LX#01~REF*LU*11~AMT*B6*86.17~SVC*HC:90834*150*54.89**1~DTM*472*20130618~CAS*CO*45*63.83**223*1.12~CAS*PR*2*14**122*16.16~REF*6R*LX#02~REF*LU*11~AMT*B6*86.17~CLP*135405190 A*19*300*109.78*60.32*MB*0813189159260*11~NM1*QC*1*ZABOROWSKI*RAYMOND*T***HN*135405190A~NM1*TT*2*NJ DEPT. OF HUMAN SERVICES*****PI*70078~MOA***MA01*MA07~DTM*050*20130708~SVC*HC:90834*150*54.89**1~DTM*472*20130605~CAS*CO*45*63.83**223*1.12~CAS*PR*2*14**122*16.16~REF*6R*LX#01~REF*LU*11~AMT*B6*86.17~SVC*HC:90834*150*54.89**1~DTM*472*20130619~CAS*CO*45*63.83**223*1.12~CAS*PR*2*14**122*16.16~REF*6R*LX#02~REF*LU*11~AMT*B6*86.17~SE*176*0007~ST*835*0008~BPR*I*164.68*C*ACH*CCP*01*081517693*DA*152302017073*1205296137**01*231372691*DA*0181143836*20130806~TRN*1*885804275*1205296137~REF*EV*1929361~DTM*405*20130805~N1*PR*NOVITAS SOLUTIONS, INC.~N3*PO BOX 3031~N4*MECHANICSBURG*PA*170551803~REF*2U*12402~PER*CX**TE*8772358073~PER*BL*NOVITAS SOLUTIONS, INC. EDI SERVICES*TE*8772358073*EX*1*EM*WEBSITEEDI@NOVITAS_SOLUTIONS.COM~N1*PE*MAUREEN WIESE WAIBEL  CSW*XX*1902991391~N3*800 RARITAN ROAD~N4*CLARK*NJ*070661710~REF*TJ*262135919~LX*1~CLP*152249968A*19*125*41.17*22.62*MB*0813189159130*11~NM1*QC*1*FETICS*MARY****HN*152249968A~NM1*TT*2*UNITEDHEALTH GROUP*****PI*30002~MOA***MA01*MA18~DTM*050*20130708~SVC*HC:90834*125*41.17**1~DTM*472*20130625~CAS*CO*45*60.37**223*0.84~CAS*PR*2*10.5**122*12.12~REF*6R*LX#01~REF*LU*11~AMT*B6*64.63~CLP*135849111A*1*250*82.34*45.24*MB*0813189159140*11~NM1*QC*1*GANNON*KIMBERLY****HN*135849111A~MOA***MA01~DTM*050*20130708~SVC*HC:90834*125*41.17**1~DTM*472*20130624~CAS*CO*45*60.37**223*0.84~CAS*PR*2*10.5**122*12.12~REF*6R*LX#01~REF*LU*11~AMT*B6*64.63~SVC*HC:90834*125*41.17**1~DTM*472*20130627~CAS*CO*45*60.37**223*0.84~CAS*PR*2*10.5**122*12.12~REF*6R*LX#02~REF*LU*11~AMT*B6*64.63~CLP*157662010 A*1*125*41.17*22.62*MB*0813189159150*11~NM1*QC*1*LIPARI*BARBARA****HN*157662010A~MOA***MA01~DTM*050*20130708~SVC*HC:90834*125*41.17**1~DTM*472*20130628~CAS*CO*45*60.37**223*0.84~CAS*PR*2*10.5**122*12.12~REF*6R*LX#01~REF*LU*11~AMT*B6*64.63~SE*58*0008~GE*8*149676556~IEA*1*149676556~
