ISA*00*          *00*          *ZZ*330897513      *ZZ*ASSOCIATEDBC   *130808*1743*U*00401*149676559*0*P*:~GS*HP*330897513*ASSOCIATEDBC*20130808*1743*149676559*X*004010X091A1~ST*835*0001~BPR*I*20*C*ACH*CCP*01*031100225*DA*2079950064280/*1220999690**01*231372691*DA*0181143836*20130806~TRN*1*0004023369*1220999690*8352013080703500853~REF*EV*1902991391~DTM*405*20130806~N1*PR*HORIZON BCBSNJ~N3*PAYOR ADDRESS 1~N4*NEWARK*NJ*071010420~REF*2U*22099~N1*PE*M M WIESE WAIBEL LCSW*XX*1902991391~N3*800 RARITAN RD~N4*CLARK*NJ*070661710~REF*PQ*2621359190~REF*TJ*262135919~LX*1~CLP*HSE3HZN63444600*4*125*0**13*780271321182731   00**1~NM1*QC*1*GRANT*MACY****MI*3HZN63444600~NM1*IL*1*MOUNT*TIMOTHY*S***MI*3HZN634446000~NM1*82*2*M M WIESE WAIBEL LCSW*****XX*1902991391~DTM*050*20130725~DTM*232*20130619~DTM*233*20130619~PER*CX*NATIONAL ACCOUNTS POS*TE*8006244758~SVC*HC:99199*125*0**1*HC:90834~DTM*472*20130619~CAS*OA*18*125~REF*6R*000001~REF*HPI*1902991391~CLP*3HZN69937170*4*125*0**13*780271321182689   00**1~NM1*QC*1*ORSINI*SUSAN*J***MI*3HZN69937170~NM1*IL*1*ORSINI*NICHOLAS*R***MI*3HZN699371700~NM1*82*2*M M WIESE WAIBEL LCSW*****XX*1902991391~DTM*050*20130725~DTM*232*20130617~DTM*233*20130617~PER*CX*NATIONAL ACCOUNTS POS*TE*8006244758~SVC*HC:99199*125*0**1*HC:90834~DTM*472*20130617~CAS*OA*18*125~REF*6R*000001~REF*HPI*1902991391~CLP*3HZN89299890*1*125*20*40*13*780271321182599   00**1~NM1*QC*1*SHAH*ROSEMARIE****MI*3HZN89299890~NM1*IL*1*SHAH*HASMUKH*R***MI*3HZN892998900~NM1*82*2*M M WIESE WAIBEL LCSW*****XX*1902991391~DTM*050*20130725~DTM*232*20130621~DTM*233*20130621~PER*CX*NATIONAL ACCOUNTS POS*TE*8006244758~AMT*AU*60~AMT*T2*20~SVC*HC:99199*125*20**1*HC:90834~DTM*472*20130621~CAS*PR*3*40~CAS*CO*45*65~REF*6R*000001~REF*HPI*1902991391~AMT*B6*60~SE*59*0001~ST*835*0002~BPR*I*251*C*ACH*CCP*01*031100225*DA*2079950064280/*1220999690**01*231372691*DA*0181143836*20130807~TRN*1*0004030992*1220999690*8352013080803120812~REF*EV*1902991391~DTM*405*20130807~N1*PR*HORIZON BCBSNJ~N3*PAYOR ADDRESS 1~N4*NEWARK*NJ*071010420~REF*2U*22099~N1*PE*M M WIESE WAIBEL LCSW*XX*1902991391~N3*800 RARITAN RD~N4*CLARK*NJ*070661710~REF*PQ*2621359190~REF*TJ*262135919~LX*1~CLP*3HZN71563020*4*125*0**13*780271321181516   00**1~NM1*QC*1*BONILLA*NANCY****MI*3HZN71563020~NM1*82*2*M M WIESE WAIBEL LCSW*****XX*1902991391~DTM*050*20130725~DTM*232*20130618~DTM*233*20130618~PER*CX*NJ DIRECT*TE*8006241110~SVC*HC:99199*125*0**1*HC:90834~DTM*472*20130618~CAS*OA*18*125~REF*6R*000001~REF*HPI*1902991391~CLP*3HZN85261690*1*250*45*15*13*780271321181504   00**1~NM1*QC*1*CORNWELL*ELIZABETH*H***MI*3HZN85261690~NM1*82*2*M M WIESE WAIBEL LCSW*****XX*1902991391~DTM*050*20130725~DTM*232*20130617~DTM*233*20130624~PER*CX*NJ DIRECT*TE*8006241110~AMT*AU*60~AMT*T2*45~SVC*HC:99199*125*0**1*HC:90834~DTM*472*20130617~CAS*OA*18*125~REF*6R*000001~REF*HPI*1902991391~SVC*HC:99199*125*45**1*HC:90834~DTM*472*20130624~CAS*PR*3*15~CAS*CO*45*65~REF*6R*000002~REF*HPI*1902991391~AMT*B6*60~CLP*3HZN36191530*4*125*0**13*780271321181521   00**1~NM1*QC*1*LENAHAN*MEAGHAN*M***MI*3HZN36191530~NM1*82*2*M M WIESE WAIBEL LCSW*****XX*1902991391~DTM*050*20130725~DTM*232*20130620~DTM*233*20130620~PER*CX*NJ DIRECT*TE*8006241110~SVC*HC:99199*125*0**1*HC:90834~DTM*472*20130620~CAS*OA*18*125~REF*6R*000001~REF*HPI*1902991391~CLP*3HZN56316950*1*125*54*15*12*780261321879652   00**1~NM1*QC*1*DUFFY*JULIE****MI*3HZN563169500~NM1*74*1*DUFFY*JULIE*A***C*YHB3HZN56316950~NM1*82*2*M M WIESE WAIBEL LCSW*****XX*1902991391~DTM*050*20130806~DTM*232*20130726~DTM*233*20130726~PER*CX*NATIONAL ACCOUNTS SERVICED IN MT.LAUREL*TE*8006244758~AMT*AU*69~AMT*T2*54~SVC*HC:99199*125*54**1*HC:90834~DTM*472*20130726~CAS*PR*3*15~CAS*CO*45*56~REF*6R*5243HZN56316950~REF*HPI*1902991391~AMT*B6*69~CLP*3HZN14345840*1*125*54*15*12*780261321871908   00**1~NM1*QC*1*GREFFER*CHANTAL****MI*3HZN143458400~NM1*74*1*GREFFER*CHANTAL*M***C*YHB3HZN14345840~NM1*82*2*M M WIESE WAIBEL LCSW*****XX*1902991391~DTM*050*20130806~DTM*232*20130722~DTM*233*20130722~PER*CX*NATIONAL ACCOUNTS SERVICED IN MT.LAUREL*TE*8006244758~AMT*AU*69~AMT*T2*54~SVC*HC:99199*125*54**1*HC:90834~DTM*472*20130722~CAS*PR*3*15~CAS*CO*45*56~REF*6R*5333HZN14345840~REF*HPI*1902991391~AMT*B6*69~CLP*3HZN28656930*1*125*49*20*12*780261321880037   00**1~NM1*QC*1*GWALDIS*LISA****MI*HBX3HZN28656930~NM1*82*2*M M WIESE WAIBEL LCSW*****XX*1902991391~DTM*050*20130806~DTM*232*20130725~DTM*233*20130725~PER*CX*NATIONAL ACCOUNTS SERVICED IN MT.LAUREL*TE*8006244758~AMT*AU*69~AMT*T2*49~SVC*HC:99199*125*49**1*HC:90834~DTM*472*20130725~CAS*PR*3*20~CAS*CO*45*56~REF*6R*5343HZN28656930~REF*HPI*1902991391~AMT*B6*69~CLP*3HZN61685920*1*125*49*20*12*780261321880039   00**1~NM1*QC*1*TAMASHAUSKY*LINDA*S***MI*3HZN616859200~NM1*74*1*TAMASHAUSKY*LINDA****C*YHI3HZN61685920~NM1*82*2*M M WIESE WAIBEL LCSW*****XX*1902991391~DTM*050*20130806~DTM*232*20130729~DTM*233*20130729~PER*CX*NATIONAL ACCOUNTS SERVICED IN MT.LAUREL*TE*8006244758~AMT*AU*69~AMT*T2*49~SVC*HC:99199*125*49**1*HC:90834~DTM*472*20130729~CAS*PR*3*20~CAS*CO*45*56~REF*6R*5653HZN61685920~REF*HPI*1902991391~AMT*B6*69~SE*128*0002~GE*2*149676559~IEA*1*149676559~
