ISA*00*          *00*          *ZZ*330897513      *ZZ*ASSOCIATEDBC   *130810*0557*^*00501*149847685*0*P*:~GS*HP*330897513*ASSOCIATEDBC*20130810*0557*149847685*X*005010X221A1~ST*835*0001~BPR*H*0*C*NON************20130808~TRN*1*358870186*1205296137~REF*EV*1929361~DTM*405*20130807~N1*PR*NOVITAS SOLUTIONS, INC.~N3*PO BOX 3031~N4*MECHANICSBURG*PA*170551803~REF*2U*12402~PER*CX**TE*8772358073~PER*BL*NOVITAS SOLUTIONS, INC. EDI SERVICES*TE*8772358073*EX*1*EM*WEBSITEEDI@NOVITAS_SOLUTIONS.COM~N1*PE*CATHERINE BIANCHI  CP*XX*1801923404~N3*44 ELM STREET~N4*MORRISTOWN*NJ*079604110~REF*TJ*056605274~LX*1~CLP*0*1*760*0**MB*0813210002850*11~NM1*QC*1*BELFORD*LINDA****HN*148366600A~MOA***MA01~DTM*050*20130729~SVC*HC:90834*190*0**0**1~DTM*472*20130605~CAS*OA*18*190~REF*6R*LX#01~REF*LU*11~LQ*HE*N522~SVC*HC:90834*190*0**0**1~DTM*472*20130612~CAS*OA*18*190~REF*6R*LX#02~REF*LU*11~LQ*HE*N522~SVC*HC:90834*190*0**0**1~DTM*472*20130619~CAS*OA*18*190~REF*6R*LX#03~REF*LU*11~LQ*HE*N522~SVC*HC:90834*190*0**0**1~DTM*472*20130626~CAS*OA*18*190~REF*6R*LX#04~REF*LU*11~LQ*HE*N522~CLP*0*1*410.6*0**MB*0813210002840*11~NM1*QC*1*FANNING*PHILIP*A***HN*140429567A~MOA***MA01~DTM*050*20130729~SVC*HC:90834*102.65*0**0**1~DTM*472*20130606~CAS*OA*18*102.65~REF*6R*LX#01~REF*LU*11~LQ*HE*N522~SVC*HC:90834*102.65*0**0**1~DTM*472*20130613~CAS*OA*18*102.65~REF*6R*LX#02~REF*LU*11~LQ*HE*N522~SVC*HC:90834*102.65*0**0**1~DTM*472*20130620~CAS*OA*18*102.65~REF*6R*LX#03~REF*LU*11~LQ*HE*N522~SVC*HC:90834*102.65*0**0**1~DTM*472*20130627~CAS*OA*18*102.65~REF*6R*LX#04~REF*LU*11~LQ*HE*N522~CLP*CATHER1NEB1A*1*102.65*0**MB*0813210002820*11~NM1*QC*1*NORDSTROM*KATHLEEN*R***HN*150482577A~MOA***MA01~DTM*050*20130729~SVC*HC:90834*102.65*0**0**1~DTM*472*20130627~CAS*OA*18*102.65~REF*6R*LX#01~REF*LU*11~LQ*HE*N522~CLP*CATHER1NE B1A*1*615.9*0**MB*0813210002830*11~NM1*QC*1*NORDSTROM*KATHLEEN*R***HN*150482577A~MOA***MA01~DTM*050*20130729~SVC*HC:90834*102.65*0**0**1~DTM*472*20130603~CAS*OA*18*102.65~REF*6R*LX#01~REF*LU*11~LQ*HE*N522~SVC*HC:90834*102.65*0**0**1~DTM*472*20130606~CAS*OA*18*102.65~REF*6R*LX#02~REF*LU*11~LQ*HE*N522~SVC*HC:90834*102.65*0**0**1~DTM*472*20130610~CAS*OA*18*102.65~REF*6R*LX#03~REF*LU*11~LQ*HE*N522~SVC*HC:90834*102.65*0**0**1~DTM*472*20130613~CAS*OA*18*102.65~REF*6R*LX#04~REF*LU*11~LQ*HE*N522~SVC*HC:90834*102.65*0**0**1~DTM*472*20130617~CAS*OA*18*102.65~REF*6R*LX#05~REF*LU*11~LQ*HE*N522~SVC*HC:90834*102.65*0**0**1~DTM*472*20130624~CAS*OA*18*102.65~REF*6R*LX#06~REF*LU*11~LQ*HE*N522~SE*123*0001~ST*835*0002~BPR*H*0*C*NON************20130808~TRN*1*358868288*1205296137~REF*EV*1929361~DTM*405*20130807~N1*PR*NOVITAS SOLUTIONS, INC.~N3*PO BOX 3031~N4*MECHANICSBURG*PA*170551803~REF*2U*12402~PER*CX**TE*8772358073~PER*BL*NOVITAS SOLUTIONS, INC. EDI SERVICES*TE*8772358073*EX*1*EM*WEBSITEEDI@NOVITAS_SOLUTIONS.COM~N1*PE*MAUREEN WIESE WAIBEL  CSW*XX*1902991391~N3*800 RARITAN ROAD~N4*CLARK*NJ*070661710~REF*TJ*262135919~LX*1~CLP*140345760B*1*125*0**MB*0213218225920*11*1~NM1*QC*1*ANDROLOWICZ*ROSE  1****HN*140345760B~MOA***MA36*MA130~DTM*050*20130806~SVC*HC:90834*125*0**0**1~DTM*472*20130730~CAS*CO*16*125~REF*6R*505140345760B~REF*LU*11~LQ*HE*MA36~LQ*HE*MA130~SE*28*0002~GE*2*149847685~IEA*1*149847685~
