ISA*00*          *00*          *ZZ*330897513      *ZZ*ASSOCIATEDBC   *130814*0702*^*00501*150171927*0*P*:~GS*HP*330897513*ASSOCIATEDBC*20130814*0702*150171927*X*005010X221A1~ST*835*0001~BPR*H*0*C*NON************20130810~TRN*1*0*1522135463*IBC2~REF*EV*330897513~REF*F2*CAPS STL~DTM*405*20130810~N1*PR*MAGELLAN BEHAVIORAL HEALTH OF NEW JERSEY, LLC.~N3*P.O. BOX 1958~N4*MARYLAND HEIGHTS*MO*63043~PER*CX**TE*8006881911~PER*BL*MAGELLAN EDI*TE*3143875890~N1*PE*CENTER FOR PSYCHOLOGICAL SERVI*XX*1457686560~N3*491 AMWELL RD BLDG 1*STE 103~N4*HILLSBOROUGH*NJ*088448212~REF*TJ*263895688~LX*1~CLP*N/A*4*150*0**HM*113103553~NM1*QC*1*HOFFMAN*SUSAN*J***MI*113605113BG~NM1*82*1*HEEG*KATHERINE A****XX*1497833776~DTM*050*20130806~DTM*232*20130726~DTM*233*20130726~SVC*HC:90834*150*0**1~DTM*472*20130726~CAS*OA*18*150~REF*HPI*1497833776~SE*27*0001~ST*835*0002~BPR*I*51.79*C*CHK************20130803~TRN*1*988986263*1591031071~REF*EV*870426777~REF*F2*1~DTM*405*20130810~N1*PR*CIGNA HEALTH AND LIFE INSURANCE COMPANY~N3*P. O. BOX 182223~N4*CHATTANOOGA*TN*374227223~PER*BL*HP*EM*CLAIMS.INTAKE.APP.SUPPORT@HP.COM~PER*IC**UR*WWW.CIGNAFORHCP.COM~N1*PE*LAURA DEMARZO PHD EDD*XX*1457686560~N3*491 AMWELL RD # 103~N4*HILLSBOROUGH*NJ*088448212~REF*TJ*263895688~LX*1~CLP*0*1*175*51.79*22.19*13*9651320592627*11*1~NM1*QC*1*HATCHER*DANIEL*W***MI*U0900203203~NM1*IL*1*MCDONNELL*ROBERT****MI*U0900203201~NM1*82*1*DEMARZO*LAURA****FI*263895688~REF*1L*3203576~REF*9A*452129650~REF*CE*OPEN ACCESS PLUS~DTM*050*20130724~DTM*232*20130709~DTM*233*20130709~PER*CX*MEMBER SERVICES*TE*8002446224~AMT*AU*73.98~SVC*HC:90834*175*51.79**1~CAS*CO*45*101.02~CAS*PR*2*22.19~REF*HPI*1255372603~AMT*B6*73.98~SE*34*0002~ST*835*0003~BPR*H*0*C*NON************20130812~TRN*1*358879135*1205296137~REF*EV*1929361~DTM*405*20130809~N1*PR*NOVITAS SOLUTIONS, INC.~N3*PO BOX 3031~N4*MECHANICSBURG*PA*170551803~REF*2U*12402~PER*CX**TE*8772358073~PER*BL*NOVITAS SOLUTIONS, INC. EDI SERVICES*TE*8772358073*EX*1*EM*WEBSITEEDI@NOVITAS_SOLUTIONS.COM~N1*PE*MAUREEN J. HUDAK  CP*XX*1013063346~N3*SUITE 2A*47 RARITAN AVE~N4*HIGHLAND PARK*NJ*089042440~REF*TJ*142460069~LX*1~CLP*156801936 A*1*300*0**MB*0813205007100*11~NM1*QC*1*MARIANO*MELISSA****HN*156801936A~MOA***MA01~DTM*050*20130724~SVC*HC:90834*150*0**0**1~DTM*472*20130612~CAS*OA*18*150~REF*6R*LX#01~REF*LU*11~LQ*HE*N522~SVC*HC:90834*150*0**0**1~DTM*472*20130626~CAS*OA*18*150~REF*6R*LX#02~REF*LU*11~LQ*HE*N522~SE*33*0003~ST*835*0004~BPR*H*0*C*NON************20130812~TRN*1*358876068*1205296137~REF*EV*1929361~DTM*405*20130809~N1*PR*NOVITAS SOLUTIONS, INC.~N3*PO BOX 3031~N4*MECHANICSBURG*PA*170551803~REF*2U*12402~PER*CX**TE*8772358073~PER*BL*NOVITAS SOLUTIONS, INC. EDI SERVICES*TE*8772358073*EX*1*EM*WEBSITEEDI@NOVITAS_SOLUTIONS.COM~N1*PE*MAUREEN WIESE WAIBEL  CSW*XX*1902991391~N3*800 RARITAN ROAD~N4*CLARK*NJ*070661710~REF*TJ*262135919~LX*1~CLP*060407300A*19*250*0*123.53*MB*0213218225930*11*1~NM1*QC*1*CASERIO*CARMELINA*M***HN*060407300A~NM1*TT*2*UNITEDHEALTH GROUP*****PI*30002~MOA***MA01*MA18~DTM*050*20130806~SVC*HC:90791*250*0**1~DTM*472*20130729~CAS*CO*45*126.47~CAS*PR*1*123.53~REF*6R*512060407300A~REF*LU*11~AMT*B6*123.53~SE*29*0004~GE*4*150171927~IEA*1*150171927~
