ISA*00*          *00*          *ZZ*330897513      *ZZ*ASSOCIATEDBC   *130814*0702*U*00401*150171932*0*P*:~GS*HP*330897513*ASSOCIATEDBC*20130814*0702*150171932*X*004010X091A1~ST*835*0001~BPR*I*342*C*ACH*CCP*01*031100225*DA*2079950064280/*1220999690**01*231372691*DA*0181143836*20130808~TRN*1*0004038445*1220999690*8352013080904350822~REF*EV*1902991391~DTM*405*20130808~N1*PR*HORIZON BCBSNJ~N3*PAYOR ADDRESS 1~N4*NEWARK*NJ*071010420~REF*2U*22099~N1*PE*M M WIESE WAIBEL LCSW*XX*1902991391~N3*800 RARITAN RD~N4*CLARK*NJ*070661710~REF*PQ*2621359190~REF*TJ*262135919~LX*1~CLP*3HZN71563020*1*125*50*10*13*780261321871468   00**1~NM1*QC*1*BONILLA*NANCY****MI*NJX3HZN71563020~NM1*82*2*M M WIESE WAIBEL LCSW*****XX*1902991391~DTM*050*20130806~DTM*232*20130723~DTM*233*20130723~PER*CX*NJ DIRECT*TE*8006241110~AMT*AU*60~AMT*T2*50~SVC*HC:99199*125*50**1*HC:90834~DTM*472*20130723~CAS*PR*3*10~CAS*CO*45*65~REF*6R*5093HZN71563020~REF*HPI*1902991391~AMT*B6*60~CLP*3HZN85261690*1*125*45*15*13*780261321871467   00**1~NM1*QC*1*CORNWELL*ELIZABETH****MI*3HZN852616900~NM1*74*1*CORNWELL*ELIZABETH*H***C*NJX3HZN85261690~NM1*82*2*M M WIESE WAIBEL LCSW*****XX*1902991391~DTM*050*20130806~DTM*232*20130722~DTM*233*20130722~PER*CX*NJ DIRECT*TE*8006241110~AMT*AU*60~AMT*T2*45~SVC*HC:99199*125*45**1*HC:90834~DTM*472*20130722~CAS*PR*3*15~CAS*CO*45*65~REF*6R*5153HZN85261690~REF*HPI*1902991391~AMT*B6*60~CLP*3HZN77593920*1*250*100*20*13*780261321871514   00**1~NM1*QC*1*DANIELSON*CHRISTINE****MI*NJX3HZN77593920~NM1*IL*1*FAUGHNAN*RICHARD****MI*3HZN775939201~NM1*74*1*FAUGHNAN*RICHARD*F***C*3HZN775939201~NM1*82*2*M M WIESE WAIBEL LCSW*****XX*1902991391~DTM*050*20130806~DTM*232*20130724~DTM*233*20130731~PER*CX*NJ DIRECT*TE*8006241110~AMT*AU*120~AMT*T2*100~SVC*HC:99199*125*50**1*HC:90834~DTM*472*20130724~CAS*PR*3*10~CAS*CO*45*65~REF*6R*5193HZN77593920~REF*HPI*1902991391~AMT*B6*60~SVC*HC:99199*125*50**1*HC:90834~DTM*472*20130731~CAS*PR*3*10~CAS*CO*45*65~REF*6R*5203HZN77593920~REF*HPI*1902991391~AMT*B6*60~CLP*3HZN36191530*1*125*45*15*13*780261321880036   00**1~NM1*QC*1*LENAHAN*MEAGHAN****MI*3HZN361915300~NM1*74*1*LENAHAN*MEAGHAN*M***C*NJX3HZN36191530~NM1*82*2*M M WIESE WAIBEL LCSW*****XX*1902991391~DTM*050*20130806~DTM*232*20130725~DTM*233*20130725~PER*CX*NJ DIRECT*TE*8006241110~AMT*AU*60~AMT*T2*45~SVC*HC:99199*125*45**1*HC:90834~DTM*472*20130725~CAS*PR*3*15~CAS*CO*45*65~REF*6R*5393HZN36191530~REF*HPI*1902991391~AMT*B6*60~CLP*3HZN15469020*1*125*45*15*13*780261321871465   00**1~NM1*QC*1*MONDI*NICHOL****MI*NJX3HZN15469020~NM1*IL*1*MONDI*FREDERICK****MI*3HZN154690200~NM1*74*1*MONDI*FREDERICK*B***C*3HZN154690200~NM1*82*2*M M WIESE WAIBEL LCSW*****XX*1902991391~DTM*050*20130806~DTM*232*20130722~DTM*233*20130722~PER*CX*NJ DIRECT*TE*8006241110~AMT*AU*60~AMT*T2*45~SVC*HC:99199*125*45**1*HC:90834~DTM*472*20130722~CAS*PR*3*15~CAS*CO*45*65~REF*6R*5453HZN15469020~REF*HPI*1902991391~AMT*B6*60~CLP*3HZN47086210*1*250*57*15*13*780261321871501   00**1~NM1*QC*1*PAONE*BARBARA*A***MI*NJX3HZN47086210~NM1*IL*1*PAONE*JOE****MI*3HZN470862100~NM1*74*1*PAONE*JOSEPH****C*3HZN470862100~NM1*82*2*M M WIESE WAIBEL LCSW*****XX*1902991391~DTM*050*20130806~DTM*232*20130730~DTM*233*20130730~PER*CX*NJ DIRECT*TE*8006241110~AMT*AU*72~AMT*T2*57~SVC*HC:99199*250*57**1*HC:90791~DTM*472*20130730~CAS*PR*3*15~CAS*CO*45*178~REF*6R*5513HZN47086210~REF*HPI*1902991391~AMT*B6*72~SE*127*0001~ST*835*0002~BPR*I*147*C*ACH*CCP*01*031100225*DA*2079950064280/*1220999690**01*231372691*DA*0181143836*20130809~TRN*1*0004045849*1220999690*8352013081004370810~REF*EV*1902991391~DTM*405*20130809~N1*PR*HORIZON BCBSNJ~N3*PAYOR ADDRESS 1~N4*NEWARK*NJ*071010420~REF*2U*22099~N1*PE*M M WIESE WAIBEL LCSW*XX*1902991391~N3*800 RARITAN RD~N4*CLARK*NJ*070661710~REF*PQ*2621359190~REF*TJ*262135919~LX*1~CLP*DZVAN4492387*1*250*98*40*12*780261321871448   00**1~NM1*QC*1*PRIBUSH*KATHLEEN****MI*DZVAN4492387~NM1*IL*1*PRIBUSH*JEFF****MI*DZVAN4492387~NM1*82*2*M M WIESE WAIBEL LCSW*****XX*1902991391~DTM*050*20130806~DTM*232*20130724~DTM*233*20130731~AMT*AU*138~AMT*T2*98~SVC*HC:99199*125*49**1*HC:90834~DTM*472*20130724~CAS*PR*3*20~CAS*CO*45*56~REF*6R*556DZVAN4492387~REF*HPI*1902991391~AMT*B6*69~SVC*HC:99199*125*49**1*HC:90834~DTM*472*20130731~CAS*PR*3*20~CAS*CO*45*56~REF*6R*557DZVAN4492387~REF*HPI*1902991391~AMT*B6*69~CLP*733607285*1*125*49*20*12*780261321871888   00**1~NM1*QC*1*RABADEAU*KATHLEEN****MI*DZVAN4490966~NM1*82*2*M M WIESE WAIBEL LCSW*****XX*1902991391~DTM*050*20130806~DTM*232*20130723~DTM*233*20130723~AMT*AU*69~AMT*T2*49~SVC*HC:99199*125*49**1*HC:90834~DTM*472*20130723~CAS*PR*3*20~CAS*CO*45*56~REF*6R*558733607285~REF*HPI*1902991391~AMT*B6*69~SE*54*0002~ST*835*0003~BPR*I*49*C*CHK************20130809~TRN*1*156139245*1220999690*22099~DTM*405*20130809~N1*PR*HORIZON BCBSNJ~N3*3 PENN PLAZA~N4*NEWARK*NJ*071010420~REF*2U*22099~PER*CX**TE*8883349242~N1*PE*M M WIESE WAIBEL LCSW*XX*1902991391~N3*800 RARITAN ROAD~N4*CLARK*NJ*070661710~REF*TJ*262135919~LX*1~CLP*R58027107*1*125*49*20*12*26132187965800780*11*1~NM1*QC*1*MULLIGAN*CHERYL****MI*R58027107~NM1*IL*1*MULLIGAN*THOMAS****MI*R58027107~DTM*050*20130806~DTM*232*20130724~AMT*AU*69~SVC*HC:90834*125*49**1~DTM*472*20130724~CAS*PR*2*20~CAS*CO*45*56~REF*6R*547R58027107~AMT*B6*69~SE*27*0003~ST*835*0004~BPR*I*44*C*ACH*CCP*01*031100225*DA*2079950064280/*1220999690**01*231372691*DA*0181143836*20130810~TRN*1*0004053090*1220999690*8352013081101480787~REF*EV*1902991391~DTM*405*20130810~N1*PR*HORIZON BCBSNJ~N3*PAYOR ADDRESS 1~N4*NEWARK*NJ*071010420~REF*2U*22099~N1*PE*M M WIESE WAIBEL LCSW*XX*1902991391~N3*800 RARITAN RD~N4*CLARK*NJ*070661710~REF*PQ*2621359190~REF*TJ*262135919~LX*1~CLP*ROQ5052733500*1*125*44*25*12*780261321879554   00**1~NM1*QC*1*KOVATCH*LISA****MI*ROQ5052733500~NM1*82*2*M M WIESE WAIBEL LCSW*****XX*1902991391~DTM*050*20130806~DTM*232*20130724~DTM*233*20130724~AMT*AU*69~AMT*T2*44~SVC*HC:99199*125*44**1*HC:90834~DTM*472*20130724~CAS*PR*3*25~CAS*CO*45*56~REF*6R*536ROQ5052733500~REF*HPI*1902991391~AMT*B6*69~SE*31*0004~ST*835*0005~BPR*H*0*C*NON************20130814~TRN*1*1QG41751175*1411289245*000087726~DTM*405*20130809~N1*PR*UNITED HEALTHCARE INSURANCE COMPANY*XV*87726~N3*9900 BREN ROAD~N4*MINNETONKA*MN*553430000~REF*2U*87726~PER*CX*ATLANTA SERVICE CENTER*TE*8778423210~N1*PE*CENTER FOR PSYCHOLOGICAL SERVI*XX*1457686560~N3*491 AMWELL RD STE 103~N4*HILLSBOROUGH*NJ*088440000~REF*TJ*263895688~LX*1~TS3*1457686560*11*20131231*1*175~CLP*CTR PSYCH SVC*2*175*0*30.16*12*4229099341 0126908285*11~NM1*QC*1*OHOPPE*SUSAN*M~NM1*IL*1*OHOPPE*SUSAN*M***MI*957226036~NM1*74*1*OHOPPE*SUSAN~NM1*82*1*DEMARZO*LAURA****XX*1255372603~REF*1L*710711~REF*CE*OPT PPO~DTM*050*20130808~DTM*232*20130625~SVC*HC:90834*175*0**1~DTM*472*20130625~CAS*OA*23*144.84~CAS*PR*96*30.16~REF*6R*LX#01~LQ*HE*N536~SE*31*0005~ST*835*0006~BPR*I*62.56*C*CHK************20130813~TRN*1*173714*1942649097*000087726~DTM*405*20130813~N1*PR*UNITED HEALTHCARE INSURANCE COMPANY*XV*87726~N3*P.O. BOX 30535~N4*SALT LAKE CITY*UT*84130~REF*2U*87726~REF*EO*1805600001~N1*PE*KATHERINE HEEG*XX*1457686560~N3*491 AMWELL RD~N4*HILLSBOROUGH*NJ*088448212~REF*TJ*263895688~LX*1~CLP*0*1*150*62.56*87.44*15*13X306242300*11~NM1*QC*1*MOODY*CAROLYN*T***MI*14150473601~NM1*IL*1*MOODY*PAUL*A***MI*141504736~REF*1L*12613~REF*CE*UCR @ 90TH PERCENTILE, MA~DTM*050*20130807~AMT*AU*113.75~SVC*HC:90834*150*62.56**1~DTM*472*20130717~CAS*PR*2*51.19**45*36.25~REF*6R*1~AMT*B6*113.75~SE*27*0006~GE*6*150171932~IEA*1*150171932~
