ISA*00*          *00*          *ZZ*330897513      *ZZ*ASSOCIATEDBC   *130814*1739*^*00501*150281612*0*P*:~GS*HP*330897513*ASSOCIATEDBC*20130814*1739*150281612*X*005010X221A1~ST*835*0001~BPR*H*0*C*NON************20130814~TRN*1*012653009*1216000928~REF*EV*9904204~DTM*405*20130809~N1*PR*NEW JERSEY MEDICAID~N3*3705 QUAKERBRIDGE ROAD, SUITE 101~N4*TRENTON*NJ*086191288~PER*CX*NEW JERSEY MEDICAID PROVIDER SERVICES*TE*8007766334~PER*BL*NEW JERSEY EDI UNIT*TE*6095886051*EM*NJMMISEDI@MOLINAHEALTHCARE.COM*FX*6095848268~PER*IC**UR*WWW.NJMMIS.COM~N1*PE*WAY          KAREN      GPHD*XX*1477603942~REF*PQ*0225177~REF*TJ*008388097~LX*1~CLP*13572336 A*2*150*0**MC*201313022475003-0670*11*1~NM1*QC*1*HAMMOND*NORMAN****MR*122081285101~REF*EA*0813098009180~DTM*232*20130312~DTM*233*20130312~SVC*HC:90834*150*0**1**0~DTM*472*20130312~CAS*CO*45*150~REF*6R*LX#01~LQ*HE*M86~CLP*135405190A*2*150*0**MC*201313021668103-0670*11*1~NM1*QC*1*ZABOROWSKI*RAYMOND*T***MR*122077125801~REF*EA*0813098009240~DTM*232*20130313~DTM*233*20130313~SVC*HC:90834*150*0**1**0~DTM*472*20130313~CAS*CO*45*150~REF*6R*LX#01~LQ*HE*M86~CLP*026662235A*2*150*0**MC*201313021668203-0670*11*1~NM1*QC*1*GRIMALDI*JENNIFER*J***MR*212080697401~REF*EA*0813098009170~DTM*232*20130313~DTM*233*20130313~SVC*HC:90834*150*0**1**0~DTM*472*20130313~CAS*CO*45*150~REF*6R*LX#01~LQ*HE*M86~CLP*156560448A*2*150*0**MC*201313021208601-03060670*11*1~NM1*QC*1*FRAMPTON*STEPHEN****MR*152030463701~REF*EA*0813098009160~DTM*232*20130314~DTM*233*20130314~SVC*HC:90834*150*0**1**0~DTM*472*20130314~CAS*CO*45*150~REF*6R*LX#01~LQ*HE*MA80~LQ*HE*M86~CLP*026662235A*2*150*0**MC*201313021668202-0670*11*1~NM1*QC*1*GRIMALDI*JENNIFER*J***MR*212080697401~REF*EA*0813098009170~DTM*232*20130318~DTM*233*20130318~SVC*HC:90834*150*0**1**0~DTM*472*20130318~CAS*CO*45*150~REF*6R*LX#02~LQ*HE*M86~CLP*13572336 A*2*150*0**MC*201313022475002-0670*11*1~NM1*QC*1*HAMMOND*NORMAN****MR*122081285101~REF*EA*0813098009180~DTM*232*20130319~DTM*233*20130319~SVC*HC:90834*150*0**1**0~DTM*472*20130319~CAS*CO*45*150~REF*6R*LX#02~LQ*HE*M86~CLP*135405190A*2*150*0**MC*201313021668102-0670*11*1~NM1*QC*1*ZABOROWSKI*RAYMOND*T***MR*122077125801~REF*EA*0813098009240~DTM*232*20130320~DTM*233*20130320~SVC*HC:90834*150*0**1**0~DTM*472*20130320~CAS*CO*45*150~REF*6R*LX#02~LQ*HE*M86~CLP*124704137 A*2*150*0**MC*201313021208501-0670*11*1~NM1*QC*1*KIM*SUN*C***MR*122001580001~REF*EA*0813098009190~DTM*232*20130321~DTM*233*20130321~SVC*HC:90834*150*0**1**0~DTM*472*20130321~CAS*CO*45*150~REF*6R*LX#01~LQ*HE*M86~CLP*026662235A*2*150*0**MC*201313021668201-0670*11*1~NM1*QC*1*GRIMALDI*JENNIFER*J***MR*212080697401~REF*EA*0813098009170~DTM*232*20130325~DTM*233*20130325~SVC*HC:90834*150*0**1**0~DTM*472*20130325~CAS*CO*45*150~REF*6R*LX#03~LQ*HE*M86~CLP*13572336 A*2*150*0**MC*201313022475001-0670*11*1~NM1*QC*1*HAMMOND*NORMAN****MR*122081285101~REF*EA*0813098009180~DTM*232*20130326~DTM*233*20130326~SVC*HC:90834*150*0**1**0~DTM*472*20130326~CAS*CO*45*150~REF*6R*LX#03~LQ*HE*M86~CLP*135405190A*2*150*0**MC*201313021668101-0670*11*1~NM1*QC*1*ZABOROWSKI*RAYMOND*T***MR*122077125801~REF*EA*0813098009240~DTM*232*20130327~DTM*233*20130327~SVC*HC:90834*150*0**1**0~DTM*472*20130327~CAS*CO*45*150~REF*6R*LX#03~LQ*HE*M86~CLP*124704137 A*2*150*0**MC*201313021208502-0670*11*1~NM1*QC*1*KIM*SUN*C***MR*122001580001~REF*EA*0813098009190~DTM*232*20130328~DTM*233*20130328~SVC*HC:90834*150*0**1**0~DTM*472*20130328~CAS*CO*45*150~REF*6R*LX#02~LQ*HE*M86~CLP*156560448A*2*150*0**MC*201313021208602-03060670*11*1~NM1*QC*1*FRAMPTON*STEPHEN****MR*152030463701~REF*EA*0813098009160~DTM*232*20130328~DTM*233*20130328~SVC*HC:90834*150*0**1**0~DTM*472*20130328~CAS*CO*45*150~REF*6R*LX#02~LQ*HE*MA80~LQ*HE*M86~CLP*124704137 A*2*150*0**MC*201317221442901-0670*11*1~NM1*QC*1*KIM*SUN*C***MR*122001580001~REF*EA*0813140233660~DTM*232*20130415~DTM*233*20130415~SVC*HC:90834*150*0**1**0~DTM*472*20130415~CAS*CO*45*150~REF*6R*LX#01~LQ*HE*M86~CLP*026662235A*2*150*0**MC*201317221986801-0670*11*1~NM1*QC*1*GRIMALDI*JENNIFER*J***MR*212080697401~REF*EA*0813140233650~DTM*232*20130415~DTM*233*20130415~SVC*HC:90834*150*0**1**0~DTM*472*20130415~CAS*CO*45*150~REF*6R*LX#01~LQ*HE*M86~CLP*135405190 A*2*150*0**MC*201317221986701-0670*11*1~NM1*QC*1*ZABOROWSKI*RAYMOND*T***MR*122077125801~REF*EA*0813140233690~DTM*232*20130417~DTM*233*20130417~SVC*HC:90834*150*0**1**0~DTM*472*20130417~CAS*CO*45*150~REF*6R*LX#01~LQ*HE*M86~CLP*156560448A*2*150*0**MC*201317221443001-03060670*11*1~NM1*QC*1*FRAMPTON*STEPHEN****MR*152030463701~REF*EA*0813140233790~DTM*232*20130418~DTM*233*20130418~SVC*HC:90834*150*0**1**0~DTM*472*20130418~CAS*CO*45*150~REF*6R*LX#01~LQ*HE*MA80~LQ*HE*M86~CLP*124704137 A*2*150*0**MC*201317221442902-0670*11*1~NM1*QC*1*KIM*SUN*C***MR*122001580001~REF*EA*0813140233660~DTM*232*20130422~DTM*233*20130422~SVC*HC:90834*150*0**1**0~DTM*472*20130422~CAS*CO*45*150~REF*6R*LX#02~LQ*HE*M86~CLP*026662235A*2*150*0**MC*201317221986802-0670*11*1~NM1*QC*1*GRIMALDI*JENNIFER*J***MR*212080697401~REF*EA*0813140233650~DTM*232*20130422~DTM*233*20130422~SVC*HC:90834*150*0**1**0~DTM*472*20130422~CAS*CO*45*150~REF*6R*LX#02~LQ*HE*M86~CLP*123035462701*1*150*35.64**MC*201312954102301*11*1~NM1*QC*1*DIX-MOON*KIMBERLI****MR*123035462701~DTM*232*20130423~DTM*233*20130423~AMT*AU*35.64~SVC*HC:90834*150*35.64**1**0~DTM*472*20130423~CAS*CO*45*114.36~REF*6R*754123035462701~AMT*B6*35.64~CLP*135405190 A*2*150*0**MC*201317221986702-0670*11*1~NM1*QC*1*ZABOROWSKI*RAYMOND*T***MR*122077125801~REF*EA*0813140233690~DTM*232*20130424~DTM*233*20130424~SVC*HC:90834*150*0**1**0~DTM*472*20130424~CAS*CO*45*150~REF*6R*LX#02~LQ*HE*M86~CLP*123035462701*1*150*35.64**MC*201312954102302*11*1~NM1*QC*1*DIX-MOON*KIMBERLI****MR*123035462701~DTM*232*20130426~DTM*233*20130426~AMT*AU*35.64~SVC*HC:90834*150*35.64**1**0~DTM*472*20130426~CAS*CO*45*114.36~REF*6R*755123035462701~AMT*B6*35.64~CLP*243066303520*1*150*71.18**MC*201312954102201-1258*11*1~NM1*QC*1*BYRNES*DOMINIC****MR*243066303520~DTM*232*20130426~DTM*233*20130426~AMT*AU*71.18~SVC*HC:90834*150*71.18**1**0~DTM*472*20130426~CAS*CO*45*78.82~REF*6R*752243066303520~AMT*B6*71.18~LQ*HE*N45~CLP*124704137 A*2*150*0**MC*201317221442903-0670*11*1~NM1*QC*1*KIM*SUN*C***MR*122001580001~REF*EA*0813140233660~DTM*232*20130429~DTM*233*20130429~SVC*HC:90834*150*0**1**0~DTM*472*20130429~CAS*CO*45*150~REF*6R*LX#03~LQ*HE*M86~CLP*123035462701*1*150*35.64**MC*201312954102303*11*1~NM1*QC*1*DIX-MOON*KIMBERLI****MR*123035462701~DTM*232*20130430~DTM*233*20130430~AMT*AU*35.64~SVC*HC:90834*150*35.64**1**0~DTM*472*20130430~CAS*CO*45*114.36~REF*6R*756123035462701~AMT*B6*35.64~CLP*135405190 A*2*150*0**MC*201317523714602-0670*11*1~NM1*QC*1*ZABOROWSKI*RAYMOND*T***MR*122077125801~REF*EA*0813142014080~DTM*232*20130501~DTM*233*20130501~SVC*HC:90834*150*0**1**0~DTM*472*20130501~CAS*CO*45*150~REF*6R*LX#01~LQ*HE*M86~CLP*156560448A*2*150*0**MC*201317522954201-03060670*11*1~NM1*QC*1*FRAMPTON*STEPHEN****MR*152030463701~REF*EA*0813142014020~DTM*232*20130502~DTM*233*20130502~SVC*HC:90834*150*0**1**0~DTM*472*20130502~CAS*CO*45*150~REF*6R*LX#01~LQ*HE*MA80~LQ*HE*M86~CLP*124704137A*2*150*0**MC*201317522954101-0670*11*1~NM1*QC*1*KIM*SUN*C***MR*122001580001~REF*EA*0813142014050~DTM*232*20130506~DTM*233*20130506~SVC*HC:90834*150*0**1**0~DTM*472*20130506~CAS*CO*45*150~REF*6R*LX#01~LQ*HE*M86~CLP*135742336 A*2*150*0**MC*201317525254902-0670*11*1~NM1*QC*1*HAMMOND*NORMAN****MR*122081285101~REF*EA*0813142014040~DTM*232*20130507~DTM*233*20130507~SVC*HC:90834*150*0**1**0~DTM*472*20130507~CAS*CO*45*150~REF*6R*LX#01~LQ*HE*M86~CLP*135405190 A*2*150*0**MC*201317523714601-0670*11*1~NM1*QC*1*ZABOROWSKI*RAYMOND*T***MR*122077125801~REF*EA*0813142014080~DTM*232*20130508~DTM*233*20130508~SVC*HC:90834*150*0**1**0~DTM*472*20130508~CAS*CO*45*150~REF*6R*LX#02~LQ*HE*M86~CLP*026662235A*2*150*0**MC*201317523714702-0670*11*1~NM1*QC*1*GRIMALDI*JENNIFER*J***MR*212080697401~REF*EA*0813142014030~DTM*232*20130510~DTM*233*20130510~SVC*HC:90834*150*0**1**0~DTM*472*20130510~CAS*CO*45*150~REF*6R*LX#01~LQ*HE*M86~CLP*026662235A*2*150*0**MC*201317523714701-0670*11*1~NM1*QC*1*GRIMALDI*JENNIFER*J***MR*212080697401~REF*EA*0813142014030~DTM*232*20130513~DTM*233*20130513~SVC*HC:90834*150*0**1**0~DTM*472*20130513~CAS*CO*45*150~REF*6R*LX#02~LQ*HE*M86~CLP*135742336 A*2*150*0**MC*201317525254901-0670*11*1~NM1*QC*1*HAMMOND*NORMAN****MR*122081285101~REF*EA*0813142014040~DTM*232*20130514~DTM*233*20130514~SVC*HC:90834*150*0**1**0~DTM*472*20130514~CAS*CO*45*150~REF*6R*LX#02~LQ*HE*M86~CLP*123035462701*1*150*35.64**MC*201322110083001-0306*11~NM1*QC*1*DIXMO*K****MR*122082509401~DTM*232*20130521~DTM*233*20130521~AMT*AU*35.64~SVC*HC:90834*150*35.64**1**0~DTM*472*20130521~CAS*CO*45*114.36~AMT*B6*35.64~LQ*HE*MA80~CLP*123035462701*1*150*35.64**MC*201322110083002-0306*11~NM1*QC*1*DIXMO*K****MR*122082509401~DTM*232*20130531~DTM*233*20130531~AMT*AU*35.64~SVC*HC:90834*150*35.64**1**0~DTM*472*20130531~CAS*CO*45*114.36~AMT*B6*35.64~LQ*HE*MA80~CLP*124704137 A*4*150*0**MC*201322121136901-06700970*11*1~NM1*QC*1*KIM*SUN*C***MR*122001580001~NM1*PR*2*UNITED HEALTHCARE*****PI*AN5~NM1*GB*1*KIM*SUN~REF*EA*0813189159210~DTM*232*20130603~DTM*233*20130603~SVC*HC:90834*150*0~DTM*472*20130603~CAS*OA*16*150~REF*6R*LX#01~LQ*HE*M86~LQ*HE*MA92~CLP*135405190 A*2*150*0**MC*201322121560401-0670*11*1~NM1*QC*1*ZABOROWSKI*RAYMOND*T***MR*122077125801~REF*EA*0813189159260~DTM*232*20130605~DTM*233*20130605~SVC*HC:90834*150*0**1**0~DTM*472*20130605~CAS*CO*45*150~REF*6R*LX#01~LQ*HE*M86~CLP*124704137 A*4*150*0**MC*201322121136902-06700970*11*1~NM1*QC*1*KIM*SUN*C***MR*122001580001~NM1*PR*2*UNITED HEALTHCARE*****PI*AN5~NM1*GB*1*KIM*SUN~REF*EA*0813189159210~DTM*232*20130617~DTM*233*20130617~SVC*HC:90834*150*0~DTM*472*20130617~CAS*OA*16*150~REF*6R*LX#02~LQ*HE*M86~LQ*HE*MA92~CLP*135742336 A*2*150*0**MC*201322122202801-0670*11*1~NM1*QC*1*HAMMOND*NORMAN****MR*122081285101~REF*EA*0813189159220~DTM*232*20130618~DTM*233*20130618~SVC*HC:90834*150*0**1**0~DTM*472*20130618~CAS*CO*45*150~REF*6R*LX#01~LQ*HE*M86~CLP*123035462701*1*150*35.64**MC*201322110083003-0306*11~NM1*QC*1*DIXMO*K****MR*122082509401~DTM*232*20130618~DTM*233*20130618~AMT*AU*35.64~SVC*HC:90834*150*35.64**1**0~DTM*472*20130618~CAS*CO*45*114.36~AMT*B6*35.64~LQ*HE*MA80~CLP*135405190 A*2*150*0**MC*201322121560402-0670*11*1~NM1*QC*1*ZABOROWSKI*RAYMOND*T***MR*122077125801~REF*EA*0813189159260~DTM*232*20130619~DTM*233*20130619~SVC*HC:90834*150*0**1**0~DTM*472*20130619~CAS*CO*45*150~REF*6R*LX#02~LQ*HE*M86~CLP*123035462701*1*150*35.64**MC*201322110083004-0306*11~NM1*QC*1*DIXMO*K****MR*122082509401~DTM*232*20130620~DTM*233*20130620~AMT*AU*35.64~SVC*HC:90834*150*35.64**1**0~DTM*472*20130620~CAS*CO*45*114.36~AMT*B6*35.64~LQ*HE*MA80~CLP*123035462701*1*150*35.64**MC*201322110083005-0306*11~NM1*QC*1*DIXMO*K****MR*122082509401~DTM*232*20130625~DTM*233*20130625~AMT*AU*35.64~SVC*HC:90834*150*35.64**1**0~DTM*472*20130625~CAS*CO*45*114.36~AMT*B6*35.64~LQ*HE*MA80~CLP*123035462701*1*150*35.64**MC*201322110083006-0306*11~NM1*QC*1*DIXMO*K****MR*122082509401~DTM*232*20130705~DTM*233*20130705~AMT*AU*35.64~SVC*HC:90834*150*35.64**1**0~DTM*472*20130705~CAS*CO*45*114.36~AMT*B6*35.64~LQ*HE*MA80~PLB*1477603942*20131231*CS:20131870138*391.94~SE*468*0001~GE*1*150281612~IEA*1*150281612~
