ISA*00*          *00*          *ZZ*330897513      *ZZ*ASSOCIATEDBC   *130814*2035*^*00501*150302542*0*P*:~GS*HP*330897513*ASSOCIATEDBC*20130814*2035*150302542*X*005010X221A1~ST*835*0001~BPR*I*164.41*C*ACH*CCP*01*011900445*DA*0000009046*1066033492**01*031201360*DA*7869322623*20130819~TRN*1*813225340000320*1066033492~REF*EV*330897513~DTM*405*20130814~N1*PR*AETNA~N3*151 FARMINGTON AVENUE~N4*HARTFORD*CT*06156~PER*BL*PROVIDER SERVICE~N1*PE*CENTER FOR PSYCHOLOGICAL SERVICES OF SOMERSET COUN*XX*1457686560~N3*491 AMWELL RD STE 103~N4*HILLSBOROUGH*NJ*088448212~REF*PQ*149850620~REF*TJ*263895688~LX*1~TS3*1255372603*11*20131231*1*350~CLP*0*2*350*63.01**13*E6PA73G910000*11*1~NM1*QC*1*ROSENFIELD*OLIVE****MI*058202863A~NM1*74*1**DANIEL****C*W036911510~NM1*82*1*DEMARZO*LAURA****XX*1255372603~REF*1L*0700992-040-00004-EA~REF*CE*AETNA CHOICE  POS II NET 01449~DTM*050*20130808~DTM*232*20130514~DTM*233*20130522~PER*CX**TE*8886323862~AMT*AU*350~SVC*HC:90834*175*30.16**1~DTM*472*20130514~CAS*OA*23*144.84~REF*6R*LX 01~AMT*B6*85.05~SVC*HC:90847*175*32.85**1~DTM*472*20130522~CAS*OA*23*142.15~REF*6R*LX 02~AMT*B6*92.63~LX*2~TS3*1457686560*11*20131231*2*350~CLP*0*1*175*58.4*14.6*13*EBPA8K2QY0000*11~NM1*QC*1*CRUZ*EDWIN~NM1*IL*1*CRUZ*EDWIN****MI*W460498888~NM1*82*1*DEMARZO*LAURA****XX*1255372603~REF*1L*0800100-017-00001-HH~DTM*050*20130805~DTM*232*20130621~DTM*233*20130621~PER*CX**TE*8886323862~AMT*AU*175~SVC*HC:90834*175*58.4**1~DTM*472*20130621~CAS*CO*45*102~CAS*PR*2*14.6~REF*6R*00000000001~AMT*B6*73~CLP*0*1*175*43*30*13*EBYZ8MGRS0000*11~NM1*QC*1*BOROWSKI*ROBERT~NM1*IL*1*BOROWSKI*VIRNI****MI*W159995912~NM1*74*1**VIRNA*B~NM1*82*1*DEMARZO*LAURA****XX*1255372603~REF*1L*0622709-010-00048- A~REF*CE*AETNA CHOICE  POS II NET 01449~DTM*050*20130805~DTM*232*20130621~DTM*233*20130621~PER*CX**TE*8886323862~AMT*AU*175~SVC*HC:90834*175*43**1~DTM*472*20130621~CAS*CO*45*102~CAS*PR*3*30~REF*6R*00000000001~AMT*B6*73~SE*74*0001~GE*1*150302542~IEA*1*150302542~
