ISA*00*          *00*          *ZZ*330897513      *ZZ*ASSOCIATEDBC   *130816*0502*^*00501*150480986*0*P*:~GS*HP*330897513*ASSOCIATEDBC*20130816*0502*150480986*X*005010X221A1~ST*835*0001~BPR*I*100*C*ACH*CCP*01*031100209*DA*0038865237*1066033492**01*031201360*DA*7869322623*20130820~TRN*1*160815130023351*1066033492~REF*EV*330897513~DTM*405*20130816~N1*PR*AETNA~N3*151 FARMINGTON AVENUE~N4*HARTFORD*CT*06156~PER*BL*PROVIDER SERVICE~N1*PE*CENTER FOR PSYCHOLOGICAL SERVIC*XX*1457686560~N3*491 AMWELL RD STE 103~N4*HILLSBOROUGH*NJ*088448212~REF*PQ*149850620~REF*TJ*263895688~LX*1~TS3*1568514024*11*20131231*1*300~CLP*0000001*1*300*100*20*HM*1308050874290000*11~NM1*QC*1*PETREN*BARBARA~NM1*IL*1*PETREN*BARBARA****MI*BBP739VA~NM1*82*2*CENTER FOR PSYCHOLOGICAL SERVIC*****XX*1568514024~REF*1L*01404E-195~REF*CE*NJ EMPLOYEE PLAN NET 01961~DTM*050*20130805~DTM*232*20130715~DTM*233*20130722~PER*CX**TE*8006240756~AMT*AU*300~SVC*HC:90834*150*50**1~DTM*472*20130715~CAS*CO*45*90~CAS*PR*3*10~REF*6R*00000000001~AMT*B6*60~LQ*HE*N59~SVC*HC:90834*150*50**1~DTM*472*20130722~CAS*CO*45*90~CAS*PR*3*10~REF*6R*00000000002~AMT*B6*60~LQ*HE*N59~SE*42*0001~ST*835*0002~BPR*I*82.85*C*ACH*CCP*01*031100209*DA*0038865237*1066033492**01*031201360*DA*7869322623*20130820~TRN*1*160815130023501*1066033492~REF*EV*330897513~DTM*405*20130816~N1*PR*AETNA~N3*151 FARMINGTON AVENUE~N4*HARTFORD*CT*06156~PER*BL*PROVIDER SERVICE~N1*PE*CENTER FOR PSYCHOLOGICAL SERVIC*XX*1457686560~N3*491 AMWELL RD STE 103~N4*HILLSBOROUGH*NJ*088448212~REF*PQ*149850620~REF*TJ*263895688~LX*1~TS3*1255372603*11*20131231*1*350~CLP*0000001*1*350*82.85*63.15*HM*1308051042950000*11~NM1*QC*1*LONIEWSKI*RICHARD~NM1*IL*1*LONIEWSKI*DENISE****MI*BBTS8Q8A~NM1*74*1***M***C*BBTS8Q8B~NM1*82*2*CENTER FOR PSYCHOLOGICAL SERVIC*****XX*1255372603~REF*1L*444702-001~DTM*050*20130805~DTM*232*20130716~DTM*233*20130723~PER*CX**TE*8006240756~AMT*AU*350~SVC*HC:90834*175*33**1~DTM*472*20130716~CAS*CO*45*102~CAS*PR*3*40~REF*6R*00000000001~AMT*B6*73~LQ*HE*N59~SVC*HC:90834*175*49.85**1~DTM*472*20130723~CAS*CO*45*102~CAS*PR*3*23.15~REF*6R*00000000002~AMT*B6*73~LQ*HE*N59~SE*42*0002~ST*835*0003~BPR*I*200*C*ACH*CCP*01*031100209*DA*0038865237*1066033492**01*031201360*DA*7869322623*20130820~TRN*1*160815130023504*1066033492~REF*EV*330897513~DTM*405*20130816~N1*PR*AETNA~N3*151 FARMINGTON AVENUE~N4*HARTFORD*CT*06156~PER*BL*PROVIDER SERVICE~N1*PE*CENTER FOR PSYCHOLOGICAL SERVIC*XX*1457686560~N3*491 AMWELL RD STE 103~N4*HILLSBOROUGH*NJ*088448212~REF*PQ*149850620~REF*TJ*263895688~LX*1~TS3*1497833776*11*20131231*2*600~CLP*0000001*1*150*50*10*HM*1308051042890000*11~NM1*QC*1*CEBO*KRISTEN~NM1*IL*1*CEBO*KRISTEN****MI*BBRRPH8A~NM1*82*2*CENTER FOR PSYCHOLOGICAL SERVIC*****XX*1497833776~REF*1L*01404E-208~REF*CE*NJ EMPLOYEE PLAN NET 01961~DTM*050*20130805~DTM*232*20130726~DTM*233*20130726~PER*CX**TE*8006240756~AMT*AU*150~SVC*HC:90834*150*50**1~DTM*472*20130726~CAS*CO*45*90~CAS*PR*3*10~REF*6R*00000000001~AMT*B6*60~LQ*HE*N59~CLP*0000001*1*450*150*30*HM*1308051042900000*11~NM1*QC*1*KYDD*NICOLE~NM1*IL*1*KYDD*DUSTIN****MI*BBNQ89FA~NM1*74*1***R***C*BBNQ89FB~NM1*82*2*CENTER FOR PSYCHOLOGICAL SERVIC*****XX*1497833776~REF*1L*01404E-195~REF*CE*NJ EMPLOYEE PLAN NET 01961~DTM*050*20130805~DTM*232*20130717~DTM*233*20130727~PER*CX**TE*8006240756~AMT*AU*450~SVC*HC:90834*150*50**1~DTM*472*20130717~CAS*CO*45*90~CAS*PR*3*10~REF*6R*00000000001~AMT*B6*60~LQ*HE*N59~SVC*HC:90834*150*50**1~DTM*472*20130719~CAS*CO*45*90~CAS*PR*3*10~REF*6R*00000000002~AMT*B6*60~LQ*HE*N59~SVC*HC:90834*150*50**1~DTM*472*20130727~CAS*CO*45*90~CAS*PR*3*10~REF*6R*00000000003~AMT*B6*60~LQ*HE*N59~SE*68*0003~GE*3*150480986~IEA*1*150480986~
