ISA*00*          *00*          *ZZ*330897513      *ZZ*ASSOCIATEDBC   *130817*0103*U*00401*150601179*0*P*:~GS*HP*330897513*ASSOCIATEDBC*20130817*0103*150601179*X*004010X091A1~ST*835*0001~BPR*I*35*C*ACH*CCP*01*031100225*DA*2079950064280/*1220999690**01*231372691*DA*0181143836*20130814~TRN*1*0004068013*1220999690*8352013081503440832~REF*EV*1902991391~DTM*405*20130814~N1*PR*HORIZON BCBSNJ~N3*PAYOR ADDRESS 1~N4*NEWARK*NJ*071010420~REF*2U*22099~N1*PE*M M WIESE WAIBEL LCSW*XX*1902991391~N3*800 RARITAN RD~N4*CLARK*NJ*070661710~REF*PQ*2621359190~REF*TJ*262135919~LX*1~CLP*3HZN69937170*1*125*35*25*13*780261321879655   00**1~NM1*QC*1*ORSINI*SUSAN*J***MI*HEF3HZN69937170~NM1*IL*1*ORSINI*NICHOLAS****MI*3HZN699371700~NM1*74*1*ORSINI*NICHOLAS*R***C*3HZN699371700~NM1*82*2*M M WIESE WAIBEL LCSW*****XX*1902991391~DTM*050*20130806~DTM*232*20130722~DTM*233*20130722~PER*CX*NATIONAL ACCOUNTS POS*TE*8006244758~AMT*AU*60~AMT*T2*35~SVC*HC:99199*125*35**1*HC:90834~DTM*472*20130722~CAS*PR*3*25~CAS*CO*45*65~REF*6R*5483HZN69937170~REF*HPI*1902991391~AMT*B6*60~SE*34*0001~GE*1*150601179~IEA*1*150601179~
