ISA*00*          *00*          *ZZ*330897513      *ZZ*ASSOCIATEDBC   *130819*1917*^*00501*150782417*0*P*:~GS*HP*330897513*ASSOCIATEDBC*20130819*1917*150782417*X*005010X221A1~ST*835*0001~BPR*I*384.23*C*ACH*CCP*01*081517693*DA*152302017073*1205296137**01*221283512*DA*95665700570381*20130815~TRN*1*885839573*1205296137~REF*EV*1929361~DTM*405*20130814~N1*PR*NOVITAS SOLUTIONS, INC.~N3*PO BOX 3031~N4*MECHANICSBURG*PA*170551803~REF*2U*12402~PER*CX**TE*8772358073~PER*BL*NOVITAS SOLUTIONS, INC. EDI SERVICES*TE*8772358073*EX*1*EM*WEBSITEEDI@NOVITAS_SOLUTIONS.COM~N1*PE*KAREN G. WAY*XX*1477603942~N3*38 JUNIPER LANE~N4*PISCATAWAY*NJ*088545632~REF*TJ*264523736~LX*1~CLP*088460853 A*19*450*164.67*90.48*MB*0813198013280*11~NM1*QC*1*ARON*JOANNA*D***HN*088460853A~NM1*TT*2*GHI PPO*****PI*00035~MOA***MA01*MA18~DTM*050*20130717~SVC*HC:90834*150*54.89**1~DTM*472*20130624~CAS*CO*45*63.83**223*1.12~CAS*PR*2*14**122*16.16~REF*6R*LX#01~REF*LU*11~AMT*B6*86.17~SVC*HC:90834*150*54.89**1~DTM*472*20130626~CAS*CO*45*63.83**223*1.12~CAS*PR*2*14**122*16.16~REF*6R*LX#02~REF*LU*11~AMT*B6*86.17~SVC*HC:90834*150*54.89**1~DTM*472*20130628~CAS*CO*45*63.83**223*1.12~CAS*PR*2*14**122*16.16~REF*6R*LX#03~REF*LU*11~AMT*B6*86.17~CLP*140784147 A*1*300*109.78*60.32*MB*0813198013250*11~NM1*QC*1*FOSTER*KELLY****HN*140784147A~MOA***MA01~DTM*050*20130717~SVC*HC:90834*150*54.89**1~DTM*472*20130625~CAS*CO*45*63.83**223*1.12~CAS*PR*2*14**122*16.16~REF*6R*LX#01~REF*LU*11~AMT*B6*86.17~SVC*HC:90834*150*54.89**1~DTM*472*20130628~CAS*CO*45*63.83**223*1.12~CAS*PR*2*14**122*16.16~REF*6R*LX#02~REF*LU*11~AMT*B6*86.17~CLP*135742336 A*19*150*54.89*30.16*MB*0813198013260*11~NM1*QC*1*HAMMOND*NORMAN****HN*135742336A~NM1*TT*2*NJ DEPT. OF HUMAN SERVICES*****PI*70080~MOA***MA01*MA07~DTM*050*20130717~SVC*HC:90834*150*54.89**1~DTM*472*20130625~CAS*CO*45*63.83**223*1.12~CAS*PR*2*14**122*16.16~REF*6R*LX#01~REF*LU*11~AMT*B6*86.17~CLP*135405190 A*19*150*54.89*30.16*MB*0813198013270*11~NM1*QC*1*ZABOROWSKI*RAYMOND*T***HN*135405190A~NM1*TT*2*NJ DEPT. OF HUMAN SERVICES*****PI*70078~MOA***MA01*MA07~DTM*050*20130717~SVC*HC:90834*150*54.89**1~DTM*472*20130626~CAS*CO*45*63.83**223*1.12~CAS*PR*2*14**122*16.16~REF*6R*LX#01~REF*LU*11~AMT*B6*86.17~SE*85*0001~ST*835*0002~BPR*I*184.01*C*ACH*CCP*01*081517693*DA*152302017073*1205296137**01*031201360*DA*7863229386*20130815~TRN*1*885839549*1205296137~REF*EV*1929361~DTM*405*20130814~N1*PR*NOVITAS SOLUTIONS, INC.~N3*PO BOX 3031~N4*MECHANICSBURG*PA*170551803~REF*2U*12402~PER*CX**TE*8772358073~PER*BL*NOVITAS SOLUTIONS, INC. EDI SERVICES*TE*8772358073*EX*1*EM*WEBSITEEDI@NOVITAS_SOLUTIONS.COM~N1*PE*BERNARD E. BILICKI  CP*XX*1730286782~N3*UNIT 2A*295 GEMINI DRIVE~N4*HILLSBOROUGH*NJ*088444976~REF*TJ*142464911~LX*1~CLP*0*1*437*184.01*63.1*MB*0813198013320*11~NM1*QC*1*EDELMAN*HOWARD****HN*114543200A~MOA***MA01~DTM*050*20130717~SVC*HC:90791*262*129.12**1~DTM*472*20130620~CAS*CO*45*97.3**223*2.64~CAS*PR*2*32.94~REF*6R*LX#01~REF*LU*11~AMT*B6*164.7~SVC*HC:90834*175*54.89**1~DTM*472*20130626~CAS*CO*45*88.83**223*1.12~CAS*PR*2*14**122*16.16~REF*6R*LX#02~REF*LU*11~AMT*B6*86.17~SE*35*0002~ST*835*0003~BPR*I*823.35*C*ACH*CCP*01*081517693*DA*152302017073*1205296137**01*221981063*DA*605274550000*20130815~TRN*1*885838330*1205296137~REF*EV*1929361~DTM*405*20130814~N1*PR*NOVITAS SOLUTIONS, INC.~N3*PO BOX 3031~N4*MECHANICSBURG*PA*170551803~REF*2U*12402~PER*CX**TE*8772358073~PER*BL*NOVITAS SOLUTIONS, INC. EDI SERVICES*TE*8772358073*EX*1*EM*WEBSITEEDI@NOVITAS_SOLUTIONS.COM~N1*PE*CATHERINE BIANCHI  CP*XX*1801923404~N3*44 ELM STREET~N4*MORRISTOWN*NJ*079604110~REF*TJ*056605274~LX*1~CLP*CATHER1NEB1AN*19*760*219.56*120.64*MB*0813198013330*11~NM1*QC*1*BELFORD*LINDA****HN*148366600A~NM1*TT*2*HORIZON BCBS OF NEW JERSEY*****PI*00019~MOA***MA01*MA18~DTM*050*20130717~SVC*HC:90834*190*54.89**1~DTM*472*20130605~CAS*CO*45*103.83**223*1.12~CAS*PR*2*14**122*16.16~REF*6R*LX#01~REF*LU*11~AMT*B6*86.17~SVC*HC:90834*190*54.89**1~DTM*472*20130612~CAS*CO*45*103.83**223*1.12~CAS*PR*2*14**122*16.16~REF*6R*LX#02~REF*LU*11~AMT*B6*86.17~SVC*HC:90834*190*54.89**1~DTM*472*20130619~CAS*CO*45*103.83**223*1.12~CAS*PR*2*14**122*16.16~REF*6R*LX#03~REF*LU*11~AMT*B6*86.17~SVC*HC:90834*190*54.89**1~DTM*472*20130626~CAS*CO*45*103.83**223*1.12~CAS*PR*2*14**122*16.16~REF*6R*LX#04~REF*LU*11~AMT*B6*86.17~CLP*CATHERINE B1AN*19*410.6*219.56*120.64*MB*0813198013360*11~NM1*QC*1*FANNING*PHILIP*A***HN*140429567A~NM1*TT*2*UNITEDHEALTH GROUP*****PI*30002~MOA***MA01*MA18~DTM*050*20130717~SVC*HC:90834*102.65*54.89**1~DTM*472*20130606~CAS*CO*45*16.48**223*1.12~CAS*PR*2*14**122*16.16~REF*6R*LX#01~REF*LU*11~AMT*B6*86.17~SVC*HC:90834*102.65*54.89**1~DTM*472*20130613~CAS*CO*45*16.48**223*1.12~CAS*PR*2*14**122*16.16~REF*6R*LX#02~REF*LU*11~AMT*B6*86.17~SVC*HC:90834*102.65*54.89**1~DTM*472*20130620~CAS*CO*45*16.48**223*1.12~CAS*PR*2*14**122*16.16~REF*6R*LX#03~REF*LU*11~AMT*B6*86.17~SVC*HC:90834*102.65*54.89**1~DTM*472*20130627~CAS*CO*45*16.48**223*1.12~CAS*PR*2*14**122*16.16~REF*6R*LX#04~REF*LU*11~AMT*B6*86.17~CLP*CATHERINE BIAN*19*615.9*329.34*180.96*MB*0813198013340*11~NM1*QC*1*NORDSTROM*KATHLEEN*R***HN*150482577A~NM1*TT*2*HORIZON BCBS OF NEW JERSEY*****PI*30013~MOA***MA01*MA18~DTM*050*20130717~SVC*HC:90834*102.65*54.89**1~DTM*472*20130603~CAS*CO*45*16.48**223*1.12~CAS*PR*2*14**122*16.16~REF*6R*LX#01~REF*LU*11~AMT*B6*86.17~SVC*HC:90834*102.65*54.89**1~DTM*472*20130606~CAS*CO*45*16.48**223*1.12~CAS*PR*2*14**122*16.16~REF*6R*LX#02~REF*LU*11~AMT*B6*86.17~SVC*HC:90834*102.65*54.89**1~DTM*472*20130610~CAS*CO*45*16.48**223*1.12~CAS*PR*2*14**122*16.16~REF*6R*LX#03~REF*LU*11~AMT*B6*86.17~SVC*HC:90834*102.65*54.89**1~DTM*472*20130613~CAS*CO*45*16.48**223*1.12~CAS*PR*2*14**122*16.16~REF*6R*LX#04~REF*LU*11~AMT*B6*86.17~SVC*HC:90834*102.65*54.89**1~DTM*472*20130617~CAS*CO*45*16.48**223*1.12~CAS*PR*2*14**122*16.16~REF*6R*LX#05~REF*LU*11~AMT*B6*86.17~SVC*HC:90834*102.65*54.89**1~DTM*472*20130624~CAS*CO*45*16.48**223*1.12~CAS*PR*2*14**122*16.16~REF*6R*LX#06~REF*LU*11~AMT*B6*86.17~CLP*CATHER1NE B1AN*19*102.65*54.89*30.16*MB*0813198013350*11~NM1*QC*1*NORDSTROM*KATHLEEN*R***HN*150482577A~NM1*TT*2*HORIZON BCBS OF NEW JERSEY*****PI*30013~MOA***MA01*MA18~DTM*050*20130717~SVC*HC:90834*102.65*54.89**1~DTM*472*20130627~CAS*CO*45*16.48**223*1.12~CAS*PR*2*14**122*16.16~REF*6R*LX#01~REF*LU*11~AMT*B6*86.17~SE*142*0003~GE*3*150782417~IEA*1*150782417~
