ISA*00*          *00*          *ZZ*330897513      *ZZ*ASSOCIATEDBC   *130819*1917*U*00401*150782418*0*P*:~GS*HP*330897513*ASSOCIATEDBC*20130819*1917*150782418*X*004010X091A1~ST*835*0001~BPR*I*75*C*ACH*CCP*01*031100225*DA*2079950064280/*1220999690**01*231372691*DA*0181143836*20130815~TRN*1*0004074955*1220999690*8352013081604220753~REF*EV*1902991391~DTM*405*20130815~N1*PR*HORIZON BCBSNJ~N3*PAYOR ADDRESS 1~N4*NEWARK*NJ*071010420~REF*2U*22099~N1*PE*M M WIESE WAIBEL LCSW*XX*1902991391~N3*800 RARITAN RD~N4*CLARK*NJ*070661710~REF*PQ*2621359190~REF*TJ*262135919~LX*1~CLP*3HZN04240760*1*125*10*50*13*780261321871463   00**1~NM1*QC*1*RICKERT*SUSAN*M***MI*JGV3HZN04240760~NM1*IL*1*RICKERT*WILLIAM*L***MI*3HZN042407600~NM1*82*2*M M WIESE WAIBEL LCSW*****XX*1902991391~DTM*050*20130806~DTM*232*20130723~DTM*233*20130723~PER*CX*ADVANTAGE EPO CAP*TE*8886662535~AMT*AU*60~AMT*T2*10~SVC*HC:99199*125*10**1*HC:90834~DTM*472*20130723~CAS*PR*3*50~CAS*CO*45*65~REF*6R*5593HZN04240760~REF*HPI*1902991391~AMT*B6*60~CLP*3HZN03939260*1*125*45*15*13*780261321871458   00**1~NM1*QC*1*SOMERS*ELAINE****MI*YHQ3HZN03939260~NM1*IL*1*SOMERS*ROBERT****MI*3HZN039392600~NM1*82*2*M M WIESE WAIBEL LCSW*****XX*1902991391~DTM*050*20130806~DTM*232*20130726~DTM*233*20130726~PER*CX*HORIZON BLUE CROSS BLUE SHIELD OF NEW JERSEY DIRECT ACCESS*TE*8006241110~AMT*AU*60~AMT*T2*45~SVC*HC:99199*125*45**1*HC:90834~DTM*472*20130726~CAS*PR*3*15~CAS*CO*45*65~REF*6R*5633HZN03939260~REF*HPI*1902991391~AMT*B6*60~CLP*3HZN89299890*1*125*20*40*13*780261321871503   00**1~NM1*QC*1*SHAH*ROSEMARIE****MI*YHX3HZN89299890~NM1*IL*1*SHAH*HR****MI*3HZN892998900~NM1*74*1*SHAH*HASMUKH*R***C*3HZN892998900~NM1*82*2*M M WIESE WAIBEL LCSW*****XX*1902991391~DTM*050*20130806~DTM*232*20130726~DTM*233*20130726~PER*CX*NATIONAL ACCOUNTS POS*TE*8006244758~AMT*AU*60~AMT*T2*20~SVC*HC:99199*125*20**1*HC:90834~DTM*472*20130726~CAS*PR*3*40~CAS*CO*45*65~REF*6R*5613HZN89299890~REF*HPI*1902991391~AMT*B6*60~SE*68*0001~ST*835*0002~BPR*H*0*C*NON************20130817~TRN*1*0015469202*1220999690*8352013081805150777~REF*EV*1902991391~DTM*405*20130817~N1*PR*HORIZON BCBSNJ~N3*PAYOR ADDRESS 1~N4*NEWARK*NJ*071010420~REF*2U*22099~N1*PE*MAUREEN M WIESE WAIBEL LCSW*XX*1902991391~N3*800 RARITAN RD~N4*CLARK*NJ*070661710~REF*PQ*2621359190~REF*TJ*262135919~LX*1~CLP*060407300A*1*250*0*250*12*13227E0000493     00*11~CAS*PR*96*250~CAS*OA*96*-250~NM1*QC*1*CASERIO*CARMELINA****MI*060407300~NM1*IL*1*CASERIO*CARMELINA*M***MI*3HZN16012460~NM1*74*1*CASERIO*CARMELINA****C*3HZN16012460~NM1*82*2*MAUREEN M WIESE WAIBEL LCSW*****XX*1902991391~MOA***N30~DTM*050*20130814~DTM*232*20130729~DTM*233*20130729~PER*CX*HORIZON BLUE CROSS BLUE SHIELD OF NEW JERSEY HMO*TE*8006241110~SVC*HC:99199*250*0**1*HC:90791~DTM*472*20130729~CAS*CO*27*250~REF*6R*512060407300A~REF*HPI*1902991391~SE*33*0002~GE*2*150782418~IEA*1*150782418~
