ISA*00*          *00*          *ZZ*330897513      *ZZ*ASSOCIATEDBC   *130820*1308*^*00501*150872599*0*P*:~GS*HP*330897513*ASSOCIATEDBC*20130820*1308*150872599*X*005010X221A1~ST*835*0001~BPR*H*0*C*NON************20130816~TRN*1*358891284*1205296137~REF*EV*1929361~DTM*405*20130815~N1*PR*NOVITAS SOLUTIONS, INC.~N3*PO BOX 3031~N4*MECHANICSBURG*PA*170551803~REF*2U*12402~PER*CX**TE*8772358073~PER*BL*NOVITAS SOLUTIONS, INC. EDI SERVICES*TE*8772358073*EX*1*EM*WEBSITEEDI@NOVITAS_SOLUTIONS.COM~N1*PE*MAUREEN WIESE WAIBEL  CSW*XX*1902991391~N3*800 RARITAN ROAD~N4*CLARK*NJ*070661710~REF*TJ*262135919~LX*1~CLP*060407300 A*1*250*0**MB*0813220005970*11~NM1*QC*1*CASERIO*CARMELINA*M***HN*060407300A~MOA***MA01~DTM*050*20130808~SVC*HC:90791*250*0**0**1~DTM*472*20130729~CAS*OA*18*250~REF*6R*LX#01~REF*LU*11~LQ*HE*N522~CLP*150324153A*1*250*0**MB*0813220005980*11~NM1*QC*1*CORDLE*MADELINE*H***HN*150324153A~MOA***MA01~DTM*050*20130808~SVC*HC:90791*250*0**0**1~DTM*472*20130729~CAS*OA*18*250~REF*6R*LX#01~REF*LU*11~LQ*HE*N522~CLP*139308631 A*1*125*0**MB*0813220005990*11~NM1*QC*1*PORTER*DOROTHY****HN*139308631A~MOA***MA01~DTM*050*20130808~SVC*HC:90834*125*0**0**1~DTM*472*20130730~CAS*OA*18*125~REF*6R*LX#01~REF*LU*11~LQ*HE*N522~SE*47*0001~GE*1*150872599~IEA*1*150872599~
