ISA*00*          *00*          *ZZ*330897513      *ZZ*ASSOCIATEDBC   *130821*0704*^*00501*150973348*0*P*:~GS*HP*330897513*ASSOCIATEDBC*20130821*0704*150973348*X*005010X221A1~ST*835*0001~BPR*I*164.67*C*ACH*CCP*01*081517693*DA*152302017073*1205296137**01*221272303*DA*3010001018*20130820~TRN*1*885853361*1205296137~REF*EV*1929361~DTM*405*20130819~N1*PR*NOVITAS SOLUTIONS, INC.~N3*PO BOX 3031~N4*MECHANICSBURG*PA*170551803~REF*2U*12402~PER*CX**TE*8772358073~PER*BL*NOVITAS SOLUTIONS, INC. EDI SERVICES*TE*8772358073*EX*1*EM*WEBSITEEDI@NOVITAS_SOLUTIONS.COM~N1*PE*MAUREEN J. HUDAK  CP*XX*1013063346~N3*SUITE 2A*47 RARITAN AVE~N4*HIGHLAND PARK*NJ*089042440~REF*TJ*142460069~LX*1~CLP*136647622A*2*300*109.78*60.32*MB*0713203250550*11~NM1*QC*1*PETIT*BERNADETT****HN*136647622A~MOA***MA01~DTM*050*20130722~SVC*HC:90834*150*54.89**1~DTM*472*20130424~CAS*CO*45*63.83**223*1.12~CAS*OA*23*82.5**23*-82.5~CAS*PR*2*14**122*16.16~REF*6R*LX#01~REF*LU*11~AMT*B6*86.17~SVC*HC:90834*150*54.89**1~DTM*472*20130429~CAS*CO*45*63.83**223*1.12~CAS*OA*23*82.5**23*-82.5~CAS*PR*2*14**122*16.16~REF*6R*LX#02~REF*LU*11~AMT*B6*86.17~CLP*136647622A*2*150*54.89*30.16*MB*0713203250560*11~NM1*QC*1*PETIT*BERNADETT****HN*136647622A~MOA***MA01~DTM*050*20130722~SVC*HC:90834*150*54.89**1~DTM*472*20130508~CAS*CO*45*63.83**223*1.12~CAS*OA*23*82.5**23*-82.5~CAS*PR*2*14**122*16.16~REF*6R*LX#01~REF*LU*11~AMT*B6*86.17~SE*49*0001~ST*835*0002~BPR*I*247.02*C*ACH*CCP*01*081517693*DA*152302017073*1205296137**01*221271935*DA*023856318*20130820~TRN*1*885850305*1205296137~REF*EV*1929361~DTM*405*20130819~N1*PR*NOVITAS SOLUTIONS, INC.~N3*PO BOX 3031~N4*MECHANICSBURG*PA*170551803~REF*2U*12402~PER*CX**TE*8772358073~PER*BL*NOVITAS SOLUTIONS, INC. EDI SERVICES*TE*8772358073*EX*1*EM*WEBSITEEDI@NOVITAS_SOLUTIONS.COM~N1*PE*NANCY J. SAXTON LOPEZ  CSW*XX*1053490193~N3*SUITE 3C*6 PROSPECT STREET~N4*MIDLAND PARK*NJ*074321634~REF*TJ*096386775~LX*1~CLP*NANCY SAXT0NL*19*125*41.17*22.62*MB*0813203188020*11~NM1*QC*1*BAUER JR*WALTER*W***HN*146286708A~NM1*TT*2*HORIZON BCBS OF NEW JERSEY*****PI*00019~MOA***MA01*MA18~DTM*050*20130722~SVC*HC:90834*125*41.17**1~DTM*472*20130710~CAS*CO*45*60.37**223*0.84~CAS*PR*2*10.5**122*12.12~REF*6R*LX#01~REF*LU*11~AMT*B6*64.63~CLP*NANCY SAXT0NL*19*250*82.34*45.24*MB*0813203187970*11~NM1*QC*1*BOCCHINO*MARIANNE****HN*156327016A~NM1*TT*2*HORIZON BCBS OF NEW JERSEY*****PI*80003~MOA***MA01*MA18~DTM*050*20130722~SVC*HC:90834*125*41.17**1~DTM*472*20130703~CAS*CO*45*60.37**223*0.84~CAS*PR*2*10.5**122*12.12~REF*6R*LX#01~REF*LU*11~AMT*B6*64.63~SVC*HC:90834*125*41.17**1~DTM*472*20130711~CAS*CO*45*60.37**223*0.84~CAS*PR*2*10.5**122*12.12~REF*6R*LX#02~REF*LU*11~AMT*B6*64.63~CLP*NANCY SAXT0NL*1*250*82.34*45.24*MB*0813203187870*11~NM1*QC*1*LAURITANO*AMY****HN*141844679A~MOA***MA01~DTM*050*20130722~SVC*HC:90834*125*41.17**1~DTM*472*20130701~CAS*CO*45*60.37**223*0.84~CAS*PR*2*10.5**122*12.12~REF*6R*LX#01~REF*LU*11~AMT*B6*64.63~SVC*HC:90834*125*41.17**1~DTM*472*20130708~CAS*CO*45*60.37**223*0.84~CAS*PR*2*10.5**122*12.12~REF*6R*LX#02~REF*LU*11~AMT*B6*64.63~CLP*NANCY SAXT0N*19*125*41.17*22.62*MB*0813203187880*11~NM1*QC*1*LAURITANO*BETSY****HN*147344697A~NM1*TT*2*HORIZON BCBS OF NEW JERSEY*****PI*30013~MOA***MA01*MA18~DTM*050*20130722~SVC*HC:90834*125*41.17**1~DTM*472*20130705~CAS*CO*45*60.37**223*0.84~CAS*PR*2*10.5**122*12.12~REF*6R*LX#01~REF*LU*11~AMT*B6*64.63~SE*78*0002~ST*835*0003~BPR*I*384.23*C*ACH*CCP*01*081517693*DA*152302017073*1205296137**01*021200025*DA*2000031302801*20130820~TRN*1*885853362*1205296137~REF*EV*1929361~DTM*405*20130819~N1*PR*NOVITAS SOLUTIONS, INC.~N3*PO BOX 3031~N4*MECHANICSBURG*PA*170551803~REF*2U*12402~PER*CX**TE*8772358073~PER*BL*NOVITAS SOLUTIONS, INC. EDI SERVICES*TE*8772358073*EX*1*EM*WEBSITEEDI@NOVITAS_SOLUTIONS.COM~N1*PE*DAVID SIEGMAN  CP*XX*1306926589~N3*STE 140*47 RARITAN AVE~N4*HIGHLAND PARK*NJ*089042440~REF*TJ*300450564~LX*1~CLP*135363133 A*19*360*109.78*60.32*MB*0813203187810*11~NM1*QC*1*GALLOF*CAROLE*S***HN*135363133A~NM1*TT*2*AMERICAN CONTINENTAL INSU.*****PI*30074~MOA***MA01*MA18~DTM*050*20130722~SVC*HC:90834*180*54.89**1~DTM*472*20130701~CAS*CO*45*93.83**223*1.12~CAS*PR*2*14**122*16.16~REF*6R*LX#01~REF*LU*11~AMT*B6*86.17~SVC*HC:90834*180*54.89**1~DTM*472*20130710~CAS*CO*45*93.83**223*1.12~CAS*PR*2*14**122*16.16~REF*6R*LX#02~REF*LU*11~AMT*B6*86.17~CLP*155344826 A*19*180*54.89*30.16*MB*0813203187820*11~NM1*QC*1*HENRY*LYNNE****HN*155344826A~NM1*TT*2*UNITEDHEALTHCARE*****PI*00082~MOA***MA01*MA18~DTM*050*20130722~SVC*HC:90834*180*54.89**1~DTM*472*20130708~CAS*CO*45*93.83**223*1.12~CAS*PR*2*14**122*16.16~REF*6R*LX#01~REF*LU*11~AMT*B6*86.17~CLP*143527616 A*19*360*109.78*60.32*MB*0813203187830*11~NM1*QC*1*MINDELL*STEPHEN****HN*143527616A~NM1*TT*2*UNITEDHEALTH GROUP*****PI*30002~MOA***MA01*MA18~DTM*050*20130722~SVC*HC:90834*180*54.89**1~DTM*472*20130703~CAS*CO*45*93.83**223*1.12~CAS*PR*2*14**122*16.16~REF*6R*LX#01~REF*LU*11~AMT*B6*86.17~SVC*HC:90834*180*54.89**1~DTM*472*20130708~CAS*CO*45*93.83**223*1.12~CAS*PR*2*14**122*16.16~REF*6R*LX#02~REF*LU*11~AMT*B6*86.17~CLP*135363385 A*19*180*54.89*30.16*MB*0813203187840*11~NM1*QC*1*SCHREIBER*BARRY*J***HN*135363385A~NM1*TT*2*UNITEDHEALTHCARE*****PI*00082~MOA***MA01*MA18~DTM*050*20130722~SVC*HC:90834*180*54.89**1~DTM*472*20130711~CAS*CO*45*93.83**223*1.12~CAS*PR*2*14**122*16.16~REF*6R*LX#01~REF*LU*11~AMT*B6*86.17~CLP*229235846A*1*180*54.89*30.16*MB*0813203187850*11~NM1*QC*1*SHAWKY*NOHA*B***HN*229235846A~MOA***MA01~DTM*050*20130722~SVC*HC:90834*180*54.89**1~DTM*472*20130711~CAS*CO*45*93.83**223*1.12~CAS*PR*2*14**122*16.16~REF*6R*LX#01~REF*LU*11~AMT*B6*86.17~SE*90*0003~ST*835*0004~BPR*I*1042.91*C*ACH*CCP*01*081517693*DA*152302017073*1205296137**01*221283512*DA*95665700570381*20130820~TRN*1*885853162*1205296137~REF*EV*1929361~DTM*405*20130819~N1*PR*NOVITAS SOLUTIONS, INC.~N3*PO BOX 3031~N4*MECHANICSBURG*PA*170551803~REF*2U*12402~PER*CX**TE*8772358073~PER*BL*NOVITAS SOLUTIONS, INC. EDI SERVICES*TE*8772358073*EX*1*EM*WEBSITEEDI@NOVITAS_SOLUTIONS.COM~N1*PE*KAREN G. WAY*XX*1477603942~N3*38 JUNIPER LANE~N4*PISCATAWAY*NJ*088545632~REF*TJ*264523736~LX*1~CLP*088460853 A*19*900*329.34*180.96*MB*0813203187920*11~NM1*QC*1*ARON*JOANNA*D***HN*088460853A~NM1*TT*2*GHI PPO*****PI*00035~MOA***MA01*MA18~DTM*050*20130722~SVC*HC:90834*150*54.89**1~DTM*472*20130701~CAS*CO*45*63.83**223*1.12~CAS*PR*2*14**122*16.16~REF*6R*LX#01~REF*LU*11~AMT*B6*86.17~SVC*HC:90834*150*54.89**1~DTM*472*20130703~CAS*CO*45*63.83**223*1.12~CAS*PR*2*14**122*16.16~REF*6R*LX#02~REF*LU*11~AMT*B6*86.17~SVC*HC:90834*150*54.89**1~DTM*472*20130705~CAS*CO*45*63.83**223*1.12~CAS*PR*2*14**122*16.16~REF*6R*LX#03~REF*LU*11~AMT*B6*86.17~SVC*HC:90834*150*54.89**1~DTM*472*20130708~CAS*CO*45*63.83**223*1.12~CAS*PR*2*14**122*16.16~REF*6R*LX#04~REF*LU*11~AMT*B6*86.17~SVC*HC:90834*150*54.89**1~DTM*472*20130710~CAS*CO*45*63.83**223*1.12~CAS*PR*2*14**122*16.16~REF*6R*LX#05~REF*LU*11~AMT*B6*86.17~SVC*HC:90834*150*54.89**1~DTM*472*20130712~CAS*CO*45*63.83**223*1.12~CAS*PR*2*14**122*16.16~REF*6R*LX#06~REF*LU*11~AMT*B6*86.17~CLP*152423142W*19*300*109.78*60.32*MB*0813203187930*11~NM1*QC*1*BERBAUM*JOANNE*I***HN*152423142W~NM1*TT*2*HORIZON BCBS OF NEW JERSEY*****PI*30013~MOA***MA01*MA18~DTM*050*20130722~SVC*HC:90834*150*54.89**1~DTM*472*20130705~CAS*CO*45*63.83**223*1.12~CAS*PR*2*14**122*16.16~REF*6R*LX#01~REF*LU*11~AMT*B6*86.17~SVC*HC:90834*150*54.89**1~DTM*472*20130712~CAS*CO*45*63.83**223*1.12~CAS*PR*2*14**122*16.16~REF*6R*LX#02~REF*LU*11~AMT*B6*86.17~CLP*140784147 A*1*450*164.67*90.48*MB*0813203187940*11~NM1*QC*1*FOSTER*KELLY****HN*140784147A~MOA***MA01~DTM*050*20130722~SVC*HC:90834*150*54.89**1~DTM*472*20130705~CAS*CO*45*63.83**223*1.12~CAS*PR*2*14**122*16.16~REF*6R*LX#01~REF*LU*11~AMT*B6*86.17~SVC*HC:90834*150*54.89**1~DTM*472*20130709~CAS*CO*45*63.83**223*1.12~CAS*PR*2*14**122*16.16~REF*6R*LX#02~REF*LU*11~AMT*B6*86.17~SVC*HC:90834*150*54.89**1~DTM*472*20130712~CAS*CO*45*63.83**223*1.12~CAS*PR*2*14**122*16.16~REF*6R*LX#03~REF*LU*11~AMT*B6*86.17~CLP*156560448A*19*150*54.89*30.16*MB*0813203187950*11~NM1*QC*1*FRAMPTON*STEPHEN****HN*156560448A~NM1*TT*2*NJ DEPT. OF HUMAN SERVICES*****PI*70077~MOA***MA01*MA07~DTM*050*20130722~SVC*HC:90834*150*54.89**1~DTM*472*20130711~CAS*CO*45*63.83**223*1.12~CAS*PR*2*14**122*16.16~REF*6R*LX#01~REF*LU*11~AMT*B6*86.17~CLP*026662235A*19*300*109.78*60.32*MB*0813203187960*11~NM1*QC*1*GRIMALDI*JENNIFER****HN*026662235A~NM1*TT*2*NJ DEPT. OF HUMAN SERVICES*****PI*70078~MOA***MA01*MA07~DTM*050*20130722~SVC*HC:90834*150*54.89**1~DTM*472*20130708~CAS*CO*45*63.83**223*1.12~CAS*PR*2*14**122*16.16~REF*6R*LX#01~REF*LU*11~AMT*B6*86.17~SVC*HC:90834*150*54.89**1~DTM*472*20130711~CAS*CO*45*63.83**223*1.12~CAS*PR*2*14**122*16.16~REF*6R*LX#02~REF*LU*11~AMT*B6*86.17~CLP*135742336 A*19*300*109.78*60.32*MB*0813203187590*11~NM1*QC*1*HAMMOND*NORMAN****HN*135742336A~NM1*TT*2*NJ DEPT. OF HUMAN SERVICES*****PI*70080~MOA***MA01*MA07~DTM*050*20130722~SVC*HC:90834*150*54.89**1~DTM*472*20130702~CAS*CO*45*63.83**223*1.12~CAS*PR*2*14**122*16.16~REF*6R*LX#01~REF*LU*11~AMT*B6*86.17~SVC*HC:90834*150*54.89**1~DTM*472*20130709~CAS*CO*45*63.83**223*1.12~CAS*PR*2*14**122*16.16~REF*6R*LX#02~REF*LU*11~AMT*B6*86.17~CLP*124704137 A*19*150*54.89*30.16*MB*0813203187600*11~NM1*QC*1*KIM*SUN****HN*124704137A~NM1*TT*2*NJ DEPT. OF HUMAN SERVICES*****PI*70077~MOA***MA01*MA07~DTM*050*20130722~SVC*HC:90834*150*54.89**1~DTM*472*20130703~CAS*CO*45*63.83**223*1.12~CAS*PR*2*14**122*16.16~REF*6R*LX#01~REF*LU*11~AMT*B6*86.17~CLP*139762323 A*1*150*54.89*30.16*MB*0813203187580*11~NM1*QC*1*STAFFORD*JAMES****HN*139762323A~MOA***MA01~DTM*050*20130722~SVC*HC:90834*150*54.89**1~DTM*472*20130702~CAS*CO*45*63.83**223*1.12~CAS*PR*2*14**122*16.16~REF*6R*LX#01~REF*LU*11~AMT*B6*86.17~CLP*135405190 A*19*150*54.89*30.16*MB*0813203187910*11~NM1*QC*1*ZABOROWSKI*RAYMOND*T***HN*135405190A~NM1*TT*2*NJ DEPT. OF HUMAN SERVICES*****PI*70078~MOA***MA01*MA07~DTM*050*20130722~SVC*HC:90834*150*54.89**1~DTM*472*20130703~CAS*CO*45*63.83**223*1.12~CAS*PR*2*14**122*16.16~REF*6R*LX#01~REF*LU*11~AMT*B6*86.17~SE*193*0004~ST*835*0005~BPR*I*426.2*C*ACH*CCP*01*081517693*DA*152302017073*1205296137**01*231372691*DA*0181143836*20130820~TRN*1*885849744*1205296137~REF*EV*1929361~DTM*405*20130819~N1*PR*NOVITAS SOLUTIONS, INC.~N3*PO BOX 3031~N4*MECHANICSBURG*PA*170551803~REF*2U*12402~PER*CX**TE*8772358073~PER*BL*NOVITAS SOLUTIONS, INC. EDI SERVICES*TE*8772358073*EX*1*EM*WEBSITEEDI@NOVITAS_SOLUTIONS.COM~N1*PE*MAUREEN WIESE WAIBEL  CSW*XX*1902991391~N3*800 RARITAN ROAD~N4*CLARK*NJ*070661710~REF*TJ*262135919~LX*1~CLP*150324153A*19*250*96.84*24.71*MB*0213218225940*11*1~NM1*QC*1*CORDLE*MADELINE*H***HN*150324153A~NM1*TT*2*UNITEDHEALTH GROUP*****PI*30002~MOA***MA01*MA18~DTM*050*20130806~SVC*HC:90791*250*96.84**1~DTM*472*20130729~CAS*CO*45*126.47**223*1.98~CAS*PR*2*24.71~REF*6R*514150324153A~REF*LU*11~AMT*B6*123.53~CLP*143342949A*19*250*82.34*45.24*MB*0813203187790*11~NM1*QC*1*COSQUER*DOLORES****HN*143342949A~NM1*TT*2*HORIZON BCBS OF NEW JERSEY*****PI*00019~MOA***MA01*MA18~DTM*050*20130722~SVC*HC:90834*125*41.17**1~DTM*472*20130703~CAS*CO*45*60.37**223*0.84~CAS*PR*2*10.5**122*12.12~REF*6R*LX#01~REF*LU*11~AMT*B6*64.63~SVC*HC:90834*125*41.17**1~DTM*472*20130710~CAS*CO*45*60.37**223*0.84~CAS*PR*2*10.5**122*12.12~REF*6R*LX#02~REF*LU*11~AMT*B6*64.63~CLP*145484131A*19*125*41.17*22.62*MB*0813203187640*11~NM1*QC*1*FILIK*LINDAMARI*M***HN*145484131A~NM1*TT*2*UNITEDHEALTH GROUP*****PI*30002~MOA***MA01*MA18~DTM*050*20130722~SVC*HC:90834*125*41.17**1~DTM*472*20130701~CAS*CO*45*60.37**223*0.84~CAS*PR*2*10.5**122*12.12~REF*6R*LX#01~REF*LU*11~AMT*B6*64.63~CLP*135849111A*1*125*41.17*22.62*MB*0813203187650*11~NM1*QC*1*GANNON*KIMBERLY****HN*135849111A~MOA***MA01~DTM*050*20130722~SVC*HC:90834*125*41.17**1~DTM*472*20130702~CAS*CO*45*60.37**223*0.84~CAS*PR*2*10.5**122*12.12~REF*6R*LX#01~REF*LU*11~AMT*B6*64.63~CLP*157662010 A*1*250*82.34*45.24*MB*0813203187660*11~NM1*QC*1*LIPARI*BARBARA****HN*157662010A~MOA***MA01~DTM*050*20130722~SVC*HC:90834*125*41.17**1~DTM*472*20130701~CAS*CO*45*60.37**223*0.84~CAS*PR*2*10.5**122*12.12~REF*6R*LX#01~REF*LU*11~AMT*B6*64.63~SVC*HC:90834*125*41.17**1~DTM*472*20130708~CAS*CO*45*60.37**223*0.84~CAS*PR*2*10.5**122*12.12~REF*6R*LX#02~REF*LU*11~AMT*B6*64.63~CLP*139308631A*19*125*41.17*22.62*MB*0213218225950*11*1~NM1*QC*1*PORTER*DOROTHY****HN*139308631A~NM1*TT*2*UNITEDHEALTH GROUP*****PI*30002~MOA***MA01*MA18~DTM*050*20130806~SVC*HC:90834*125*41.17**1~DTM*472*20130730~CAS*CO*45*60.37**223*0.84~CAS*PR*2*10.5**122*12.12~REF*6R*555139308631A~REF*LU*11~AMT*B6*64.63~CLP*137426725 A*19*125*41.17*22.62*MB*0813203187780*11~NM1*QC*1*TORRE*JOSEPH****HN*137426725A~NM1*TT*2*UNITEDHEALTH GROUP*****PI*30002~MOA***MA01*MA18~DTM*050*20130722~SVC*HC:90834*125*41.17**1~DTM*472*20130711~CAS*CO*45*60.37**223*0.84~CAS*PR*2*10.5**122*12.12~REF*6R*LX#01~REF*LU*11~AMT*B6*64.63~SE*113*0005~GE*5*150973348~IEA*1*150973348~
