ISA*00*          *00*          *ZZ*330897513      *ZZ*ASSOCIATEDBC   *130822*0137*U*00401*151103770*0*P*:~GS*HP*330897513*ASSOCIATEDBC*20130822*0137*151103770*X*004010X091A1~ST*835*0001~BPR*I*419.54*C*ACH*CCP*01*124384877*DA*1470858534*1411289245*000087726*01*031201360*DA*7869322623*20130821~TRN*1*1QG41763680*1411289245*000087726~DTM*405*20130816~N1*PR*UNITED HEALTHCARE INSURANCE COMPANY*XV*87726~N3*9900 BREN ROAD~N4*MINNETONKA*MN*553430000~REF*2U*87726~PER*CX*ATLANTA SERVICE CENTER*TE*8778423210~N1*PE*CENTER FOR PSYCHOLOGICAL SERVI*XX*1457686560~N3*491 AMWELL RD STE 103~N4*HILLSBOROUGH*NJ*088440000~REF*TJ*263895688~LX*1~TS3*1457686560*11*20131231*5*1050~CLP*0*1*175*63.25*20*13*4231455549 0085034394*11~NM1*QC*1*THOMPSON*KEVIN~NM1*IL*1*THOMPSON*KEVIN****MI*873955967~NM1*74*1*THOMPSON*KEVIN*H~NM1*82*1*DEMARZO*LAURA****XX*1255372603~REF*1L*183644~REF*CE*CHOYC+~DTM*050*20130807~DTM*232*20130718~AMT*AU*175~SVC*HC:90834*175*63.25**1~DTM*472*20130718~CAS*CO*45*91.75~CAS*PR*3*20~REF*6R*001~AMT*B6*83.25~CLP*0*1*175*63.25*20*13*4231488224 0085039405*11~NM1*QC*1*THOMPSON*KEVIN~NM1*IL*1*THOMPSON*KEVIN****MI*873955967~NM1*74*1*THOMPSON*KEVIN*H~NM1*82*1*DEMARZO*LAURA****XX*1255372603~REF*1L*183644~REF*CE*CHOYC+~DTM*050*20130806~DTM*232*20130621~AMT*AU*175~SVC*HC:90834*175*63.25**1~DTM*472*20130621~CAS*CO*45*91.75~CAS*PR*3*20~REF*6R*001~AMT*B6*83.25~CLP*0*1*175*68.25*15*13*4231455550 0030250820*11~NM1*QC*1*HUG*ELISE~NM1*IL*1*HUG*EUGENE****MI*865203539~NM1*74*1*HUG*EUGEN*B~NM1*82*1*DEMARZO*LAURA****XX*1255372603~REF*1L*717622~REF*CE*CHOYC+~DTM*050*20130807~DTM*232*20130718~AMT*AU*175~SVC*HC:90834*175*68.25**1~DTM*472*20130718~CAS*CO*45*91.75~CAS*PR*3*15~REF*6R*001~AMT*B6*83.25~CLP*0*1*350*149.86*16.64*13*4231455551 0007399813*11~NM1*QC*1*EDELSTEIN*SARAH~NM1*IL*1*EDELSTEIN*MITCHELL****MI*901334631~NM1*74*1*EDELSTEIN*MITCHELL*L~NM1*82*1*DEMARZO*LAURA****XX*1255372603~REF*1L*702595~REF*CE*CHOYC+~DTM*050*20130807~DTM*232*20130723~DTM*233*20130724~AMT*AU*350~SVC*HC:90834*175*74.93**1~DTM*472*20130723~CAS*CO*45*91.75~CAS*PR*2*8.32~REF*6R*001~AMT*B6*83.25~SVC*HC:90834*175*74.93**1~DTM*472*20130724~CAS*CO*45*91.75~CAS*PR*2*8.32~REF*6R*002~AMT*B6*83.25~CLP*0*1*175*74.93*8.32*13*4231488225 0007399830*11~NM1*QC*1*EDELSTEIN*SARAH~NM1*IL*1*EDELSTEIN*MITCHELL****MI*901334631~NM1*74*1*EDELSTEIN*MITCHELL*L~NM1*82*1*DEMARZO*LAURA****XX*1255372603~REF*1L*702595~REF*CE*CHOYC+~DTM*050*20130806~DTM*232*20130621~AMT*AU*175~SVC*HC:90834*175*74.93**1~DTM*472*20130621~CAS*CO*45*91.75~CAS*PR*2*8.32~REF*6R*001~AMT*B6*83.25~SE*103*0001~GE*1*151103770~IEA*1*151103770~
