ISA*00*          *00*          *ZZ*330897513      *ZZ*ASSOCIATEDBC   *130822*0137*^*00501*151103769*0*P*:~GS*HP*330897513*ASSOCIATEDBC*20130822*0137*151103769*X*005010X221A1~ST*835*0001~BPR*H*0*C*NON************20130821~TRN*1*012663443*1216000928~REF*EV*9904204~DTM*405*20130816~N1*PR*NEW JERSEY MEDICAID~N3*3705 QUAKERBRIDGE ROAD, SUITE 101~N4*TRENTON*NJ*086191288~PER*CX*NEW JERSEY MEDICAID PROVIDER SERVICES*TE*8007766334~PER*BL*NEW JERSEY EDI UNIT*TE*6095886051*EM*NJMMISEDI@MOLINAHEALTHCARE.COM*FX*6095848268~PER*IC**UR*WWW.NJMMIS.COM~N1*PE*WAY          KAREN      GPHD*XX*1477603942~REF*PQ*0225177~REF*TJ*008388097~LX*1~CLP*123035462701*1*150*35.64**MC*201313454103401*11*1~NM1*QC*1*DIX-MOON*KIMBERLI****MR*123035462701~DTM*232*20130416~DTM*233*20130416~AMT*AU*35.64~SVC*HC:90834*150*35.64**1**0~DTM*472*20130416~CAS*CO*45*114.36~REF*6R*076123035462701~AMT*B6*35.64~CLP*12303562701*1*150*35.64**MC*201322110084001-0306*11~NM1*QC*1*DIXMO*K****MR*122082509401~DTM*232*20130711~DTM*233*20130711~AMT*AU*35.64~SVC*HC:90834*150*35.64**1**0~DTM*472*20130711~CAS*CO*45*114.36~AMT*B6*35.64~LQ*HE*MA80~CLP*12303562701*1*150*35.64**MC*201322110084002-0306*11~NM1*QC*1*DIXMO*K****MR*122082509401~DTM*232*20130718~DTM*233*20130718~AMT*AU*35.64~SVC*HC:90834*150*35.64**1**0~DTM*472*20130718~CAS*CO*45*114.36~AMT*B6*35.64~LQ*HE*MA80~PLB*1477603942*20131231*CS:20131870138*106.92~SE*47*0001~ST*835*0002~BPR*I*317*C*ACH*CCP*01*011900445*DA*0000009046*1066033492**01*031201360*DA*7869322623*20130826~TRN*1*813232450000483*1066033492~REF*EV*330897513~DTM*405*20130821~N1*PR*AETNA~N3*151 FARMINGTON AVENUE~N4*HARTFORD*CT*06156~PER*BL*PROVIDER SERVICE~N1*PE*CENTER FOR PSYCHOLOGICAL SERVICES OF SOMERSET COUN*XX*1457686560~N3*491 AMWELL RD STE 103~N4*HILLSBOROUGH*NJ*088448212~REF*PQ*149850620~REF*TJ*263895688~LX*1~TS3*1457686560*11*20131231*1*175~CLP*0*1*175*53*20*13*EKJK8QNMD0000*11~NM1*QC*1*BRACKEN*CHERYL~NM1*IL*1*BRACKEN*JOHN****MI*W160219241~NM1*82*1*DEMARZO*LAURA****XX*1255372603~REF*1L*0469701-010-00001-MB~REF*CE*AETNA CHOICE  POS II NET 01449~DTM*050*20130812~DTM*232*20130730~DTM*233*20130730~PER*CX**TE*8886323862~AMT*AU*175~SVC*HC:90834*175*53**1~DTM*472*20130730~CAS*CO*45*102~CAS*PR*3*20~REF*6R*00000000001~AMT*B6*73~LX*2~TS3*1457686560*11*20131231*4*600~CLP*0*1*150*54*6*13*EJYZ8QJB00000*11~NM1*QC*1*BURMAN*DIANE~NM1*IL*1*BURMAN*DAVID****MI*W461166667~NM1*82*1*RITTER*LINDA****XX*1144599416~REF*1L*0800215-018-00001- I~DTM*050*20130812~DTM*232*20130801~DTM*233*20130801~PER*CX**TE*8886323862~AMT*AU*150~SVC*HC:90834*150*54**1~DTM*472*20130801~CAS*CO*45*90~CAS*PR*2*6~REF*6R*00000000001~AMT*B6*60~CLP*0*1*150*45*15*13*E0YZ74Y6S0000*11~NM1*QC*1*STROFF*LAUREL~NM1*IL*1*STROFF*LAUREL****MI*W049846441~NM1*82*1*RITTER*LINDA****XX*1144599416~REF*1L*0701087-022-00004-UA~REF*CE*AETNA CHOICE  POS II NET 01449~DTM*050*20130812~DTM*232*20130802~DTM*233*20130802~PER*CX**TE*8886323862~AMT*AU*150~SVC*HC:90834*150*45**1~DTM*472*20130802~CAS*CO*45*90~CAS*PR*3*15~REF*6R*00000000001~AMT*B6*60~CLP*0*1*150*45*15*13*E1AA75ZV20000*11~NM1*QC*1*PORTILLA*DEVIN~NM1*IL*1*PORTILLA*KRISTINA****MI*W142312241~NM1*82*1*RITTER*LINDA****XX*1144599416~REF*1L*0701087-022-00002-UA~REF*CE*AETNA CHOICE  POS II NET 01449~DTM*050*20130812~DTM*232*20130803~DTM*233*20130803~PER*CX**TE*8886323862~AMT*AU*150~SVC*HC:90834*150*45**1~DTM*472*20130803~CAS*CO*45*90~CAS*PR*3*15~REF*6R*00000000001~AMT*B6*60~CLP*0*1*150*45*15*13*E13474YQK0000*11~NM1*QC*1*POSPIECH*LYNN~NM1*IL*1*POSPIECH*LYNN****MI*W150270655~NM1*82*1*RITTER*LINDA****XX*1144599416~REF*1L*0701087-022-00003-UA~REF*CE*AETNA CHOICE  POS II NET 01449~DTM*050*20130812~DTM*232*20130802~DTM*233*20130802~PER*CX**TE*8886323862~AMT*AU*150~SVC*HC:90834*150*45**1~DTM*472*20130802~CAS*CO*45*90~CAS*PR*3*15~REF*6R*00000000001~AMT*B6*60~LX*3~TS3*1457686560*11*20131231*1*175~CLP*0*1*175*30*30*13*E7AA744N70000*11~NM1*QC*1*SMITH*JENNIFER~NM1*IL*1*SMITH*JENNIFER****MI*W159994813~NM1*82*1*HURT*DEBBIE****XX*1275694077~REF*1L*0622709-010-00048- A~REF*CE*AETNA CHOICE  POS II NET 01449~DTM*050*20130812~DTM*232*20130730~DTM*233*20130730~PER*CX**TE*8886323862~AMT*AU*175~SVC*HC:90834*175*30**1~DTM*472*20130730~CAS*CO*45*115~CAS*PR*3*30~REF*6R*00000000001~AMT*B6*60~LX*4~TS3*1457686560*11*20131231*1*175~CLP*0*1*175*45*15*13*EKAA8QLNF0000*11~NM1*QC*1*VANDERBEEK*JOHN*R~NM1*IL*1*CROFTS*FRANCIS****MI*W142202122~NM1*74*1**FRANCES*G~NM1*82*1*HOUSER*MEGAN****XX*1972844751~REF*1L*0701087-022-00003-UA~REF*CE*AETNA CHOICE  POS II NET 01449~DTM*050*20130812~DTM*232*20130729~DTM*233*20130729~PER*CX**TE*8886323862~AMT*AU*175~SVC*HC:90834*175*45**1~DTM*472*20130729~CAS*CO*45*115~CAS*PR*3*15~REF*6R*00000000001~AMT*B6*60~SE*142*0002~ST*835*0003~BPR*I*103*C*ACH*CCP*01*031100209*DA*0000009108*1066033492**01*031201360*DA*7869322623*20130826~TRN*1*813232470000537*1066033492~REF*EV*330897513~DTM*405*20130821~N1*PR*AETNA~N3*151 FARMINGTON AVENUE~N4*HARTFORD*CT*06156~PER*BL*PROVIDER SERVICE~N1*PE*CENTER FOR PSYCHOLOGICAL SERVICES OF SOMERSET COUN*XX*1457686560~N3*491 AMWELL RD STE 103~N4*HILLSBOROUGH*NJ*088448212~REF*PQ*149850620~REF*TJ*263895688~LX*1~TS3*1457686560*11*20131231*1*175~CLP*0*1*175*20*50*13*EK348PH1M0000*11~NM1*QC*1*TODD*CHARLES~NM1*IL*1*TODD*CHARLES****MI*W201696487~NM1*82*1*HEEG*KATHERINE*A***XX*1497833776~REF*1L*0476881-034-00000-SC~DTM*050*20130812~DTM*232*20130805~DTM*233*20130805~PER*CX**TE*8886323862~AMT*AU*175~SVC*HC:90791*175*20**1~DTM*472*20130805~CAS*CO*45*105~CAS*PR*3*50~REF*6R*00000000001~AMT*B6*70~LX*2~TS3*1457686560*11*20131231*1*150~CLP*0*1*150*73**13*E73474YPR0000*11~NM1*QC*1*MORY*DAVID~NM1*IL*1*MORY*DIANE****MI*W187130803~REF*1L*0307281-011-00001-AA~DTM*050*20130812~DTM*232*20130801~DTM*233*20130801~PER*CX**TE*8886323862~AMT*AU*150~SVC*HC:90834*150*73**1~DTM*472*20130801~CAS*CO*45*77~REF*6R*00000000001~AMT*B6*73~LX*3~TS3*1457686560*11*20131231*1*175~CLP*0*1*175*10*50*HM*E7AA744LX0000*11~NM1*QC*1*ASHFORTH*BARRY~NM1*IL*1*ASHFORTH*BARRY****MI*BBMQ0HJA~NM1*74*1***W***C*W199677401~NM1*82*1*HURT*DEBBIE****XX*1275694077~REF*1L*0576097-035-00000- B~REF*CE*HMO NET 01961~DTM*050*20130812~DTM*232*20130731~DTM*233*20130731~PER*CX**TE*8886323862~AMT*AU*175~SVC*HC:90834*175*10**1~DTM*472*20130731~CAS*CO*45*115~CAS*PR*3*50~REF*6R*00000000001~AMT*B6*60~SE*69*0003~GE*3*151103769~IEA*1*151103769~
