ISA*00*          *00*          *ZZ*330897513      *ZZ*ASSOCIATEDBC   *130823*1718*^*00501*151365172*0*P*:~GS*HP*330897513*ASSOCIATEDBC*20130823*1718*151365172*X*005010X221A1~ST*835*0001~BPR*I*54.89*C*ACH*CCP*01*081517693*DA*152302017073*1205296137**01*221272303*DA*3010001018*20130822~TRN*1*885861713*1205296137~REF*EV*1929361~DTM*405*20130821~N1*PR*NOVITAS SOLUTIONS, INC.~N3*PO BOX 3031~N4*MECHANICSBURG*PA*170551803~REF*2U*12402~PER*CX**TE*8772358073~PER*BL*NOVITAS SOLUTIONS, INC. EDI SERVICES*TE*8772358073*EX*1*EM*WEBSITEEDI@NOVITAS_SOLUTIONS.COM~N1*PE*MAUREEN J. HUDAK  CP*XX*1013063346~N3*SUITE 2A*47 RARITAN AVE~N4*HIGHLAND PARK*NJ*089042440~REF*TJ*142460069~LX*1~CLP*156801936 A*19*150*54.89*30.16*MB*0813205007200*11~NM1*QC*1*MARIANO*MELISSA****HN*156801936A~NM1*TT*2*HORIZON BCBS OF NEW JERSEY*****PI*00019~MOA***MA01*MA18~DTM*050*20130724~SVC*HC:90834*150*54.89**1~DTM*472*20130710~CAS*CO*45*63.83**223*1.12~CAS*PR*2*14**122*16.16~REF*6R*LX#01~REF*LU*11~AMT*B6*86.17~SE*29*0001~ST*835*0002~BPR*I*247.02*C*ACH*CCP*01*081517693*DA*152302017073*1205296137**01*021200339*DA*009001064684*20130822~TRN*1*885859414*1205296137~REF*EV*1929361~DTM*405*20130821~N1*PR*NOVITAS SOLUTIONS, INC.~N3*PO BOX 3031~N4*MECHANICSBURG*PA*170551803~REF*2U*12402~PER*CX**TE*8772358073~PER*BL*NOVITAS SOLUTIONS, INC. EDI SERVICES*TE*8772358073*EX*1*EM*WEBSITEEDI@NOVITAS_SOLUTIONS.COM~N1*PE*EUNICE P. EUROPA*XX*1205985884~N3*28 MORRIS ROAD~N4*TENAFLY*NJ*076702427~REF*TJ*141305923~LX*1~CLP*092368750M*19*150*41.17*22.62*MB*0813205007060*11~NM1*QC*1*FOX*LINDA****HN*092368750M~NM1*TT*2*NJ DEPT. OF HUMAN SERVICES*****PI*70079~MOA***MA01*MA07~DTM*050*20130724~SVC*HC:90834*150*41.17**1~DTM*472*20130710~CAS*CO*45*85.37**223*0.84~CAS*PR*2*10.5**122*12.12~REF*6R*LX#01~REF*LU*11~AMT*B6*64.63~CLP*155324974A*1*300*82.34*45.24*MB*0813205007070*11~NM1*QC*1*GOODNOUGH*SUSAN****HN*155324974A~MOA***MA01~DTM*050*20130724~SVC*HC:90834*150*41.17**1~DTM*472*20130702~CAS*CO*45*85.37**223*0.84~CAS*PR*2*10.5**122*12.12~REF*6R*LX#01~REF*LU*11~AMT*B6*64.63~SVC*HC:90834*150*41.17**1~DTM*472*20130710~CAS*CO*45*85.37**223*0.84~CAS*PR*2*10.5**122*12.12~REF*6R*LX#02~REF*LU*11~AMT*B6*64.63~CLP*156303340A*1*250*82.34*45.24*MB*0813205007080*11~NM1*QC*1*ST JOHN*CAROL*C***HN*156303340A~MOA***MA01~DTM*050*20130724~SVC*HC:90834*125*41.17**1~DTM*472*20130702~CAS*CO*45*60.37**223*0.84~CAS*PR*2*10.5**122*12.12~REF*6R*LX#01~REF*LU*11~AMT*B6*64.63~SVC*HC:90834*125*41.17**1~DTM*472*20130709~CAS*CO*45*60.37**223*0.84~CAS*PR*2*10.5**122*12.12~REF*6R*LX#02~REF*LU*11~AMT*B6*64.63~CLP*153522271A*1*150*41.17*22.62*MB*0813205007090*11~NM1*QC*1*WINE*DONNA****HN*153522271A~MOA***MA01~DTM*050*20130724~SVC*HC:90834*150*41.17**1~DTM*472*20130709~CAS*CO*45*85.37**223*0.84~CAS*PR*2*10.5**122*12.12~REF*6R*LX#01~REF*LU*11~AMT*B6*64.63~SE*76*0002~ST*835*0003~BPR*I*210*C*CHK************20130820~TRN*1*257052647*1591031071~REF*EV*870426777~REF*F2*1~DTM*405*20130821~N1*PR*CIGNA HEALTH AND LIFE INSURANCE COMPANY~N3*P.O. BOX 182223~N4*CHATTANOOGA*TN*374227223~PER*BL*HP*EM*CLAIMS.INTAKE.APP.SUPPORT@HP.COM~PER*IC**UR*WWW.CIGNAFORHCP.COM~N1*PE*DEBRA D CHATMAN-FINLEY MS*XX*1346469632~N3*134 W END AVE # 2~N4*SOMERVILLE*NJ*088761816~REF*TJ*264224733~LX*1~CLP*18200A130816*1*150*70**13*8431323196715*11*1~NM1*QC*1*ZAMBRI*RANDEE****MI*U4283979101~NM1*82*1*CHATMAN-FINLEY*DEBRA*D***FI*264224733~REF*1L*2498647~REF*CE*OPEN ACCESS PLUS~DTM*050*20130817~DTM*232*20130816~DTM*233*20130816~PER*CX*MEMBER SERVICES*TE*8002446224~AMT*AU*70~SVC*HC:90834*150*70**1~CAS*CO*45*80~REF*6R*0~AMT*B6*70~CLP*25400A130816*1*150*70**13*8431323196733*11*1~NM1*QC*1*ZAMBRI*RANDEE****MI*U4283979101~NM1*82*1*CHATMAN-FINLEY*DEBRA*D***FI*264224733~REF*1L*2498647~REF*CE*OPEN ACCESS PLUS~DTM*050*20130817~DTM*232*20130806~DTM*233*20130806~PER*CX*MEMBER SERVICES*TE*8002446224~AMT*AU*70~SVC*HC:90834*150*70**1~CAS*CO*45*80~REF*6R*0~AMT*B6*70~CLP*17900A130816*1*150*70**13*8431323196720*11*1~NM1*QC*1*ZAMBRI*RANDEE****MI*U4283979101~NM1*82*1*CHATMAN-FINLEY*DEBRA*D***FI*264224733~REF*1L*2498647~REF*CE*OPEN ACCESS PLUS~DTM*050*20130817~DTM*232*20130709~DTM*233*20130709~PER*CX*MEMBER SERVICES*TE*8002446224~AMT*AU*70~SVC*HC:90834*150*70**1~CAS*CO*45*80~REF*6R*0~AMT*B6*70~SE*59*0003~ST*835*0004~BPR*I*30*C*CHK************20130820~TRN*1*704644942*1411648670~REF*EV*870426777~REF*F2*1~DTM*405*20130821~N1*PR*CIGNA BEHAVIORAL HEALTH INC.~N3*P.O. BOX 182223~N4*CHATTANOOGA*TN*374227223~PER*BL*HP*EM*CLAIMS.INTAKE.APP.SUPPORT@HP.COM~PER*IC**UR*WWW.CIGNAFORHCP.COM~N1*PE*DEBRA D CHATMAN-FINLEY MS*XX*1346469632~N3*134 W END AVE # 2~N4*SOMERVILLE*NJ*088761816~REF*TJ*264224733~LX*1~CLP*25100A130816*1*150*30*40*13*9681323107848*11*1~NM1*QC*1*DRURY*SHANNON****MI*U4622015101~NM1*82*1*CHATMAN-FINLEY*DEBRA*D***FI*264224733~REF*1L*3332472~REF*CE*OPEN ACCESS PLUS~DTM*050*20130817~DTM*232*20130731~DTM*233*20130731~PER*CX*MEMBER SERVICES*TE*8002446224~AMT*AU*70~SVC*HC:90834*150*30**1~CAS*CO*45*80~CAS*PR*3*40~REF*6R*0~AMT*B6*70~SE*32*0004~ST*835*0005~BPR*I*180.06*C*ACH*CCP*01*031100209*DA*0000009108*1066033492**01*031201360*DA*7869322623*20130828~TRN*1*813234520001266*1066033492~REF*EV*330897513~DTM*405*20130823~N1*PR*AETNA~N3*151 FARMINGTON AVENUE~N4*HARTFORD*CT*06156~PER*BL*PROVIDER SERVICE~N1*PE*CENTER FOR PSYCHOLOGICAL SERVICES OF SOMERSET COUN*XX*1457686560~N3*491 AMWELL RD STE 103~N4*HILLSBOROUGH*NJ*088448212~REF*PQ*149850620~REF*TJ*263895688~LX*1~TS3*1457686560*11*20131231*2*300~CLP*0*1*150*60**13*EBFA8BZ170000*11~NM1*QC*1*MURRAY*WILLIAM~NM1*IL*1*MURRAY*ERYNN****MI*BBTV7B3B~NM1*74*1******C*W201531220~NM1*82*1*BODIE*LEICHENA*M***XX*1972776235~REF*1L*0837222-017-00003-GA~DTM*050*20130722~DTM*232*20130715~DTM*233*20130715~PER*CX**TE*8886323862~AMT*AU*150~SVC*HC:90834*150*60**1~DTM*472*20130715~CAS*CO*45*90~REF*6R*00000000001~AMT*B6*60~CLP*0*1*150*60**13*E1347QTBS0000*11~NM1*QC*1*MURRAY*WILLIAM~NM1*IL*1*MURRAY*ERYNN****MI*BBTV7B3B~NM1*74*1******C*W201531220~NM1*82*1*BODIE*LEICHENA*M***XX*1972776235~REF*1L*0837222-017-00003-GA~DTM*050*20130715~DTM*232*20130701~DTM*233*20130701~PER*CX**TE*8886323862~AMT*I*0.06~AMT*AU*150~SVC*HC:90834*150*60**1~DTM*472*20130701~CAS*CO*45*90~REF*6R*00000000001~AMT*B6*60~LX*2~TS3*1457686560*11*20131231*1*150~CLP*0*1*150*60**13*E1347SK1S0000*11~NM1*QC*1*BURR*KRISTINA~NM1*IL*1*BURR*JASON****MI*BBST1D8A~NM1*74*1******C*W201580024~NM1*82*1*BISCHOFF*MARIANN*E***XX*1902166960~REF*1L*0837222-017-00002-GA~DTM*050*20130722~DTM*232*20130709~DTM*233*20130709~PER*CX**TE*8886323862~AMT*AU*150~SVC*HC:90834*150*60**1~DTM*472*20130709~CAS*CO*45*90~REF*6R*00000000001~AMT*B6*60~PLB*1457686560*20131231*L6*-.06~SE*69*0005~ST*835*0006~BPR*I*96*C*ACH*CCP*01*031100209*DA*0038865237*1066033492**01*031201360*DA*7869322623*20130827~TRN*1*160822130024870*1066033492~REF*EV*330897513~DTM*405*20130823~N1*PR*AETNA~N3*151 FARMINGTON AVENUE~N4*HARTFORD*CT*06156~PER*BL*PROVIDER SERVICE~N1*PE*CENTER FOR PSYCHOLOGICAL SERVIC*XX*1457686560~N3*491 AMWELL RD STE 103~N4*HILLSBOROUGH*NJ*088448212~REF*PQ*149850620~REF*TJ*263895688~LX*1~TS3*1255372603*11*20131231*2*350~CLP*0000001*1*175*73**HM*1308122047100000*11~NM1*QC*1*LONIEWSKI*RICHARD~NM1*IL*1*LONIEWSKI*DENISE****MI*BBTS8Q8A~NM1*74*1***M***C*BBTS8Q8B~NM1*82*2*CENTER FOR PSYCHOLOGICAL SERVIC*****XX*1255372603~REF*1L*444702-001~DTM*050*20130812~DTM*232*20130731~DTM*233*20130731~PER*CX**TE*8006240756~AMT*AU*175~SVC*HC:90834*175*73**1~DTM*472*20130731~CAS*CO*45*102~REF*6R*00000000001~AMT*B6*73~LQ*HE*N59~CLP*0000001*1*175*23*50*13*1308122047110000*11~NM1*QC*1*YOUNGBERG*LISA~NM1*IL*1*YOUNGBERG*KENT****MI*BBP6SF4B~NM1*82*2*CENTER FOR PSYCHOLOGICAL SERVIC*****XX*1255372603~REF*1L*377443-006~DTM*050*20130812~DTM*232*20130730~DTM*233*20130730~PER*CX**TE*8006240756~AMT*AU*175~SVC*HC:90834*175*23**1~DTM*472*20130730~CAS*CO*45*102~CAS*PR*3*50~REF*6R*00000000001~AMT*B6*73~LQ*HE*N59~SE*51*0006~ST*835*0007~BPR*I*50*C*ACH*CCP*01*031100209*DA*0038865237*1066033492**01*031201360*DA*7869322623*20130827~TRN*1*160822130024872*1066033492~REF*EV*330897513~DTM*405*20130823~N1*PR*AETNA~N3*151 FARMINGTON AVENUE~N4*HARTFORD*CT*06156~PER*BL*PROVIDER SERVICE~N1*PE*CENTER FOR PSYCHOLOGICAL SERVIC*XX*1457686560~N3*491 AMWELL RD STE 103~N4*HILLSBOROUGH*NJ*088448212~REF*PQ*149850620~REF*TJ*263895688~LX*1~TS3*1497833776*11*20131231*1*150~CLP*0000001*1*150*50*10*HM*1308122047060000*11~NM1*QC*1*CEBO*KRISTEN~NM1*IL*1*CEBO*KRISTEN****MI*BBRRPH8A~NM1*82*2*CENTER FOR PSYCHOLOGICAL SERVIC*****XX*1497833776~REF*1L*01404E-208~REF*CE*NJ EMPLOYEE PLAN NET 01961~DTM*050*20130812~DTM*232*20130807~DTM*233*20130807~PER*CX**TE*8006240756~AMT*AU*150~SVC*HC:90834*150*50**1~DTM*472*20130807~CAS*CO*45*90~CAS*PR*3*10~REF*6R*00000000001~AMT*B6*60~LQ*HE*N59~SE*35*0007~ST*835*0008~BPR*I*20*C*ACH*CCP*01*031100209*DA*0038865237*1066033492**01*031201360*DA*7869322623*20130827~TRN*1*160822130026604*1066033492~REF*EV*330897513~DTM*405*20130823~N1*PR*AETNA~N3*151 FARMINGTON AVENUE~N4*HARTFORD*CT*06156~PER*BL*PROVIDER SERVICE~N1*PE*CENTER FOR PSYCHOLOGICAL SERVIC*XX*1457686560~N3*491 AMWELL RD STE 1~N4*HILLSBOROUGH*NJ*088448212~REF*PQ*149850620~REF*TJ*263895688~LX*1~TS3*1144599416*11*20131231*1*300~CLP*0000001*1*300*20*100*13*1308122046980000*11~NM1*QC*1*YOUNGBERG*KENT~NM1*IL*1*YOUNGBERG*KENT****MI*BBP6SF4A~NM1*82*2*CENTER FOR PSYCHOLOGICAL SERVIC*****XX*1144599416~REF*1L*377443-006~DTM*050*20130812~DTM*232*20130801~DTM*233*20130803~PER*CX**TE*8006240756~AMT*AU*300~SVC*HC:90834*150*10**1~DTM*472*20130801~CAS*CO*45*90~CAS*PR*3*50~REF*6R*00000000001~AMT*B6*60~LQ*HE*N59~SVC*HC:90834*150*10**1~DTM*472*20130803~CAS*CO*45*90~CAS*PR*3*50~REF*6R*00000000002~AMT*B6*60~LQ*HE*N59~SE*41*0008~GE*8*151365172~IEA*1*151365172~
