ISA*00*          *00*          *ZZ*330897513      *ZZ*ASSOCIATEDBC   *130824*1110*^*00501*151414409*0*P*:~GS*HP*330897513*ASSOCIATEDBC*20130824*1110*151414409*X*005010X221A1~ST*835*0001~BPR*I*10*C*ACH*CCP*01*055003201*DA*2000026932448*1522135463**01*031201360*DA*7869322623*20130823~TRN*1*146486*1522135463*IBC2~REF*EV*330897513~REF*F2*CAPS STL~DTM*405*20130823~N1*PR*MAGELLAN BEHAVIORAL HEALTH OF NEW JERSEY, LLC.~N3*P.O. BOX 1958~N4*MARYLAND HEIGHTS*MO*63043~PER*CX**TE*8006881911~PER*BL*MAGELLAN EDI*TE*3143875890~N1*PE*CENTER FOR PSYCHOLOGICAL SERVI*XX*1457686560~N3*491 AMWELL RD BLDG 1*STE 103~N4*HILLSBOROUGH*NJ*088448212~REF*TJ*263895688~LX*1~CLP*NA*1*175*10*50*HM*113792509~NM1*QC*1*PLYTYNSKI*ALAINA****MI*155740703BG~NM1*82*1*HURT*DEBBIE L****XX*1275694077~REF*F8*13232004004951~DTM*050*20130820~DTM*232*20130808~DTM*233*20130808~SVC*HC:90834*175*10**1~DTM*472*20130808~CAS*CO*45*115~CAS*PR*3*50~REF*HPI*1275694077~AMT*B6*60~SE*30*0001~ST*835*0002~BPR*H*0*C*NON************20130823~TRN*1*358910239*1205296137~REF*EV*1929361~DTM*405*20130822~N1*PR*NOVITAS SOLUTIONS, INC.~N3*PO BOX 3031~N4*MECHANICSBURG*PA*170551803~REF*2U*12402~PER*CX**TE*8772358073~PER*BL*NOVITAS SOLUTIONS, INC. EDI SERVICES*TE*8772358073*EX*1*EM*WEBSITEEDI@NOVITAS_SOLUTIONS.COM~N1*PE*NANCY J. SAXTON LOPEZ  CSW*XX*1053490193~N3*SUITE 3C*6 PROSPECT STREET~N4*MIDLAND PARK*NJ*074321634~REF*TJ*096386775~LX*1~CLP*NANCY SAXT0NL*1*125*0**MB*0813203187860*11~NM1*QC*1*DANIEL*JANE****HN*056402469T~MOA***MA130*MA27~DTM*050*20130722~SVC*HC:90834*125*0**0**1~DTM*472*20130712~CAS*CO*140*125~REF*6R*LX#01~REF*LU*11~LQ*HE*MA130~LQ*HE*MA27~SE*28*0002~ST*835*0003~BPR*I*427.28*C*ACH*CCP*01*081517693*DA*152302017073*1205296137**01*021200339*DA*381006409421*20130823~TRN*1*885865437*1205296137~REF*EV*1929361~DTM*405*20130822~N1*PR*NOVITAS SOLUTIONS, INC.~N3*PO BOX 3031~N4*MECHANICSBURG*PA*170551803~REF*2U*12402~PER*CX**TE*8772358073~PER*BL*NOVITAS SOLUTIONS, INC. EDI SERVICES*TE*8772358073*EX*1*EM*WEBSITEEDI@NOVITAS_SOLUTIONS.COM~N1*PE*CYNTHIA M. BRATMAN  CP*XX*1184788275~N3*SUITE 209*20 NASSAU ST~N4*PRINCETON*NJ*085424509~REF*TJ*200286572~LX*1~CLP*CYN1111A BRATMA*19*1050*320.46*176.1*MB*0813206151100*11~NM1*QC*1*KUDRA*TARA****HN*194584895A~NM1*TT*2*COMMONWEALTH OF PENNSYLVANIA*****PI*70031~MOA***MA01*MA27*MA07~DTM*050*20130725~SVC*HC:90834*175*53.41**1~DTM*472*20130701~CAS*CO*45*91.15**223*1.09~CAS*PR*2*13.63**122*15.72~REF*6R*LX#01~REF*LU*11~AMT*B6*83.85~SVC*HC:90834*175*53.41**1~DTM*472*20130702~CAS*CO*45*91.15**223*1.09~CAS*PR*2*13.63**122*15.72~REF*6R*LX#02~REF*LU*11~AMT*B6*83.85~SVC*HC:90834*175*53.41**1~DTM*472*20130703~CAS*CO*45*91.15**223*1.09~CAS*PR*2*13.63**122*15.72~REF*6R*LX#03~REF*LU*11~AMT*B6*83.85~SVC*HC:90834*175*53.41**1~DTM*472*20130708~CAS*CO*45*91.15**223*1.09~CAS*PR*2*13.63**122*15.72~REF*6R*LX#04~REF*LU*11~AMT*B6*83.85~SVC*HC:90834*175*53.41**1~DTM*472*20130710~CAS*CO*45*91.15**223*1.09~CAS*PR*2*13.63**122*15.72~REF*6R*LX#05~REF*LU*11~AMT*B6*83.85~SVC*HC:90834*175*53.41**1~DTM*472*20130711~CAS*CO*45*91.15**223*1.09~CAS*PR*2*13.63**122*15.72~REF*6R*LX#06~REF*LU*11~AMT*B6*83.85~CLP*CYNTH1A BRATMA*19*350*106.82*58.7*MB*0813206151110*11~NM1*QC*1*KUDRA*TARA****HN*194584895A~NM1*TT*2*COMMONWEALTH OF PENNSYLVANIA*****PI*70031~MOA***MA01*MA27*MA07~DTM*050*20130725~SVC*HC:90834*175*53.41**1~DTM*472*20130715~CAS*CO*45*91.15**223*1.09~CAS*PR*2*13.63**122*15.72~REF*6R*LX#01~REF*LU*11~AMT*B6*83.85~SVC*HC:90834*175*53.41**1~DTM*472*20130716~CAS*CO*45*91.15**223*1.09~CAS*PR*2*13.63**122*15.72~REF*6R*LX#02~REF*LU*11~AMT*B6*83.85~SE*83*0003~ST*835*0004~BPR*H*0*C*NON************20130823~TRN*1*358912591*1205296137~REF*EV*1929361~DTM*405*20130822~N1*PR*NOVITAS SOLUTIONS, INC.~N3*PO BOX 3031~N4*MECHANICSBURG*PA*170551803~REF*2U*12402~PER*CX**TE*8772358073~PER*BL*NOVITAS SOLUTIONS, INC. EDI SERVICES*TE*8772358073*EX*1*EM*WEBSITEEDI@NOVITAS_SOLUTIONS.COM~N1*PE*KAREN G. WAY*XX*1477603942~N3*38 JUNIPER LANE~N4*PISCATAWAY*NJ*088545632~REF*TJ*264523736~LX*1~CLP*18600A130816*1*150*0**MB*0913233256020*11*1~NM1*QC*1*FRAMPTON*STEPHEN****HN*156560448A~MOA***MA01~DTM*050*20130821~SVC*HC:90834*150*0**0**1~DTM*472*20130801~CAS*OA*18*150~REF*6R*54018600A130816~REF*LU*11~LQ*HE*N522~SE*27*0004~ST*835*0005~BPR*H*0*C*NON************20130822~TRN*1*8681323208582 20130821 0044138*1591031071~REF*EV*870426777~REF*F2*1~DTM*405*20130822~N1*PR*CIGNA HEALTH AND LIFE INSURANCE COMPANY~N3*P.O. BOX 182223~N4*CHATTANOOGA*TN*374227223~PER*BL*HP*EM*CLAIMS.INTAKE.APP.SUPPORT@HP.COM~PER*IC**UR*WWW.CIGNAFORHCP.COM~N1*PE*KAREN WAY PHD*XX*1477603942~N3*38 JUNIPER LN~N4*PISCATAWAY*NJ*088545632~REF*TJ*264523736~LX*1~CLP*21900A130816*4*150*0*150*13*8681323208582*11*1~NM1*QC*1*MORE*PROVIDENCE****MI*U3212939001~NM1*82*1*WAY*KAREN****FI*264523736~REF*1L*3208548~REF*CE*OPEN ACCESS PLUS IN-NETWORK~DTM*050*20130820~DTM*232*20130806~DTM*233*20130806~PER*CX*MEMBER SERVICES*TE*8002446224~SVC*HC:90834*150*0~CAS*PR*242*150~REF*6R*0~SE*29*0005~ST*835*0006~BPR*I*70*C*CHK************20130821~TRN*1*714525901*1591031071~REF*EV*562291693~REF*F2*GWFC~DTM*405*20130821~N1*PR*GREATWESTHEALTHCARE-CIGNA~N3*8505 E. ORCHARD RD~N4*GREENWOOD VILLAGE*CO*80111~REF*2U*80705~PER*BL*HP*EM*CLAIMS.INTAKE.APP.SUPPORT@HP.COM~PER*IC**UR*WWW.CIGNAFORHCP.COM~PER*CX*GWHC_EDIPROD*EM*GWHC_EDIPROD@CIGNA.COM*TE*3035665635~N1*PE*DEBRA D. CHATMAN-FINLEY*XX*1346469632~N3*134 W END AVE*FL 2~N4*SOMERVILLE*NJ*088761816~REF*PQ*200005839959~REF*TJ*264224733~LX*0~CLP*23400A130816*1*150*70**13*130528748900*11~NM1*QC*1*GORDON*CHRISTINA****MI*1016146060~REF*1L*00607826~REF*CE*OPEN ACCESS PLUS~DTM*050*20130820~AMT*AU*70~SVC*HC:90834*150*70**1~DTM*472*20130718~CAS*CO*45*80~REF*6R*73323400A130816~AMT*B6*70~SE*31*0006~GE*6*151414409~IEA*1*151414409~
