ISA*00*          *00*          *ZZ*330897513      *ZZ*ASSOCIATEDBC   *130826*0409*^*00501*151468317*0*P*:~GS*HP*330897513*ASSOCIATEDBC*20130826*0409*151468317*X*005010X221A1~ST*835*0001~BPR*H*0*C*NON************20130826~TRN*1*913238500000334*1066033492~REF*EV*330897513~DTM*405*20130826~N1*PR*AETNA~N3*151 FARMINGTON AVENUE~N4*HARTFORD*CT*06156~PER*BL*PROVIDER SERVICE~N1*PE*CENTER FOR PSYCHOLOGICAL SERVICES OF SOMERSET COUN*XX*1457686560~N3*491 AMWELL RD STE 103~N4*HILLSBOROUGH*NJ*088448212~REF*PQ*149850620~REF*TJ*263895688~LX*1~TS3*1457686560*11*20131231*1*150~CLP*0*1*150*0**13*EGTV719WQ0000*11~NM1*QC*1*STANISLAW*DANIEL~NM1*IL*1*BURSKY*REBECCA****MI*W140124230~NM1*82*1*RITTER*LINDA****XX*1144599416~REF*1L*0836425-011-00001- D~REF*CE*AETNA CHOICE  POS II NET 01449~DTM*050*20130701~DTM*232*20130624~DTM*233*20130624~PER*CX**TE*8886323862~SVC*HC:90834*150*0**0**1~DTM*472*20130624~CAS*PI*18*150*1~REF*6R*00000000001~SE*31*0001~GE*1*151468317~IEA*1*151468317~
