ISA*00*          *00*          *ZZ*330897513      *ZZ*ASSOCIATEDBC   *130826*2005*U*00401*151581150*0*P*:~GS*HP*330897513*ASSOCIATEDBC*20130826*2005*151581150*X*004010X091A1~ST*835*0001~BPR*I*86*C*ACH*CCP*01*124384877*DA*1470858534*1411289245*000087726*01*011200608*DA*191410030420*20130826~TRN*1*1QG11781793*1411289245*000087726~DTM*405*20130821~N1*PR*UNITED HEALTHCARE INSURANCE COMPANY*XV*87726~N3*9900 BREN ROAD~N4*MINNETONKA*MN*553430000~REF*2U*87726~PER*CX*ATLANTA SERVICE CENTER*TE*8778423210~N1*PE*KARIN RAPEL KINNEY*XX*1063567766~N3*59 WEBSTER ST~N4*LEWISTION*ME*042400000~REF*TJ*141784965~LX*1~TS3*1063567766*11*20131231*3*270~CLP*16600A130816*1*90*0**14*4241540668 0007425901*11~NM1*QC*1*DAWE*ADRIANNA~NM1*IL*1*DAWE*STEVEN****MI*910972692~NM1*74*1*DAWE*STEPHEN*B~REF*1L*702457~REF*CE*CHOYC~DTM*050*20130820~DTM*232*20130813~AMT*AU*90~SVC*HC:90837*90*0**1~DTM*472*20130813~CAS*CO*197*75**45*15~REF*6R*0~LQ*HE*N385~CLP*15600A130816*1*90*43*25*14*4241563273 0007425894*11~NM1*QC*1*DAWE*ADRIANNA~NM1*IL*1*DAWE*STEVEN****MI*910972692~NM1*74*1*DAWE*STEPHEN*B~REF*1L*702457~REF*CE*CHOYC~DTM*050*20130820~DTM*232*20130801~AMT*AU*90~SVC*HC:90834*90*43**1~DTM*472*20130801~CAS*CO*45*22~CAS*PR*3*25~REF*6R*28915600A130816~AMT*B6*68~CLP*15900A130816*1*90*43*25*14*4241563274 0007425895*11~NM1*QC*1*DAWE*ADRIANNA~NM1*IL*1*DAWE*STEVEN****MI*910972692~NM1*74*1*DAWE*STEPHEN*B~REF*1L*702457~REF*CE*CHOYC~DTM*050*20130820~DTM*232*20130806~AMT*AU*90~SVC*HC:90834*90*43**1~DTM*472*20130806~CAS*CO*45*22~CAS*PR*3*25~REF*6R*29415900A130816~AMT*B6*68~SE*60*0001~ST*835*0002~BPR*I*157*C*ACH*CCP*01*031100225*DA*2079950064280/*1220999690**01*231372691*DA*0181143836*20130822~TRN*1*0004111678*1220999690*8352013082303550812~REF*EV*1902991391~DTM*405*20130822~N1*PR*HORIZON BCBSNJ~N3*PAYOR ADDRESS 1~N4*NEWARK*NJ*071010420~REF*2U*22099~N1*PE*M M WIESE WAIBEL LCSW*XX*1902991391~N3*800 RARITAN RD~N4*CLARK*NJ*070661710~REF*PQ*2621359190~REF*TJ*262135919~LX*1~CLP*27700A130819*1*125*54*15*12*780261323372760   00**1~NM1*QC*1*DUFFY*JULIE****MI*3HZN563169500~NM1*74*1*DUFFY*JULIE*A***C*YHB3HZN56316950~NM1*82*2*M M WIESE WAIBEL LCSW*****XX*1902991391~DTM*050*20130821~DTM*232*20130802~DTM*233*20130802~PER*CX*NATIONAL ACCOUNTS SERVICED IN MT.LAUREL*TE*8006244758~AMT*AU*69~AMT*T2*54~SVC*HC:99199*125*54**1*HC:90834~DTM*472*20130802~CAS*PR*3*15~CAS*CO*45*56~REF*6R*0~REF*HPI*1902991391~AMT*B6*69~CLP*28600A130819*1*125*54*15*12*780261323387589   00**1~NM1*QC*1*GREFFER*CHANTAL****MI*3HZN143458400~NM1*74*1*GREFFER*CHANTAL*M***C*YHB3HZN14345840~NM1*82*2*M M WIESE WAIBEL LCSW*****XX*1902991391~DTM*050*20130821~DTM*232*20130805~DTM*233*20130805~PER*CX*NATIONAL ACCOUNTS SERVICED IN MT.LAUREL*TE*8006244758~AMT*AU*69~AMT*T2*54~SVC*HC:99199*125*54**1*HC:90834~DTM*472*20130805~CAS*PR*3*15~CAS*CO*45*56~REF*6R*0~REF*HPI*1902991391~AMT*B6*69~CLP*28000A130819*1*125*49*20*12*780261323375529   00**1~NM1*QC*1*TAMASHAUSKY*LINDA****MI*YHI3HZN61685920~NM1*82*2*M M WIESE WAIBEL LCSW*****XX*1902991391~DTM*050*20130821~DTM*232*20130805~DTM*233*20130805~PER*CX*NATIONAL ACCOUNTS SERVICED IN MT.LAUREL*TE*8006244758~AMT*AU*69~AMT*T2*49~SVC*HC:99199*125*49**1*HC:90834~DTM*472*20130805~CAS*PR*3*20~CAS*CO*45*56~REF*6R*0~REF*HPI*1902991391~AMT*B6*69~SE*66*0002~ST*835*0003~BPR*I*133.24*C*ACH*CCP*01*031100225*DA*2079950064280/*1220999690**01*231372691*DA*0181143836*20130823~TRN*1*0004119147*1220999690*8352013082403560852~REF*EV*1902991391~DTM*405*20130823~N1*PR*HORIZON BCBSNJ~N3*PAYOR ADDRESS 1~N4*NEWARK*NJ*071010420~REF*2U*22099~N1*PE*M M WIESE WAIBEL LCSW*XX*1902991391~N3*800 RARITAN RD~N4*CLARK*NJ*070661710~REF*PQ*2621359190~REF*TJ*262135919~LX*1~CLP*143342949A*2*250*25.24*20*13*780271323417328   00**1~NM1*QC*1*COSQUER*DOLORES****MI*3HZN22671350~NM1*82*2*M M WIESE WAIBEL LCSW*****XX*1902991391~DTM*050*20130822~DTM*232*20130703~DTM*233*20130710~PER*CX*NJ DIRECT*TE*8006241110~AMT*AU*127.58~AMT*T2*25.24~SVC*HC:99199*125*12.62**1*HC:90834~DTM*472*20130703~CAS*PR*3*10~CAS*OA*23*102.38~REF*6R*LX#01~REF*HPI*1902991391~AMT*B6*63.79~SVC*HC:99199*125*12.62**1*HC:90834~DTM*472*20130710~CAS*PR*3*10~CAS*OA*23*102.38~REF*6R*LX#02~REF*HPI*1902991391~AMT*B6*63.79~CLP*37100A130820*1*125*59*10*12*780261323465590   00**1~NM1*QC*1*DOHERTY*MARCELLE*N***MI*YHB3HZN74465430~NM1*IL*1*DOHERTY*DANIEL****MI*3HZN744654300~NM1*74*1*DOHERTY*DANIEL*J***C*3HZN744654300~NM1*82*2*M M WIESE WAIBEL LCSW*****XX*1902991391~DTM*050*20130822~DTM*232*20130815~DTM*233*20130815~PER*CX*NATIONAL ACCOUNTS SERVICED IN MT.LAUREL*TE*8006244758~AMT*AU*69~AMT*T2*59~SVC*HC:99199*125*59**1*HC:90834~DTM*472*20130815~CAS*PR*3*10~CAS*CO*45*56~REF*6R*0~REF*HPI*1902991391~AMT*B6*69~CLP*32400A130820*1*125*49*20*12*780261323467804   00**1~NM1*QC*1*GWALDIS*LISA****MI*HBX3HZN28656930~NM1*82*2*M M WIESE WAIBEL LCSW*****XX*1902991391~DTM*050*20130822~DTM*232*20130808~DTM*233*20130808~PER*CX*NATIONAL ACCOUNTS SERVICED IN MT.LAUREL*TE*8006244758~AMT*AU*69~AMT*T2*49~SVC*HC:99199*125*49**1*HC:90834~DTM*472*20130808~CAS*PR*3*20~CAS*CO*45*56~REF*6R*0~REF*HPI*1902991391~AMT*B6*69~SE*73*0003~ST*835*0004~BPR*I*49*C*CHK************20130823~TRN*1*156491721*1220999690*22099~DTM*405*20130823~N1*PR*HORIZON BCBSNJ~N3*3 PENN PLAZA~N4*NEWARK*NJ*071010420~REF*2U*22099~PER*CX**TE*8883349242~N1*PE*M M WIESE WAIBEL LCSW*XX*1902991391~N3*800 RARITAN ROAD~N4*CLARK*NJ*070661710~REF*TJ*262135919~LX*1~CLP*32000A130820*1*125*49*20*12*27132343599800780*11*1~NM1*QC*1*MULLIGAN*CHERYL****MI*R58027107~NM1*IL*1*MULLIGAN*THOMAS****MI*R58027107~DTM*050*20130822~DTM*232*20130808~AMT*AU*69~SVC*HC:90834*125*49**1~DTM*472*20130808~CAS*PR*2*20~CAS*CO*45*56~REF*6R*0~AMT*B6*69~SE*27*0004~ST*835*0005~BPR*I*519*C*ACH*CCP*01*031100225*DA*2079950064280/*1220999690**01*231372691*DA*0181143836*20130824~TRN*1*0004126347*1220999690*8352013082500240786~REF*EV*1902991391~DTM*405*20130824~N1*PR*HORIZON BCBSNJ~N3*PAYOR ADDRESS 1~N4*NEWARK*NJ*071010420~REF*2U*22099~N1*PE*M M WIESE WAIBEL LCSW*XX*1902991391~N3*800 RARITAN RD~N4*CLARK*NJ*070661710~REF*PQ*2621359190~REF*TJ*262135919~LX*1~CLP*30200A130819*1*125*49*20*12*780271323361027   00**1~NM1*QC*1*RABADEAU*KATHLEEN****MI*DZVAN4490966~NM1*82*2*M M WIESE WAIBEL LCSW*****XX*1902991391~DTM*050*20130821~DTM*232*20130806~DTM*233*20130806~AMT*AU*69~AMT*T2*49~SVC*HC:99199*125*49**1*HC:90834~DTM*472*20130806~CAS*PR*3*20~CAS*CO*45*56~REF*6R*0~REF*HPI*1902991391~AMT*B6*69~CLP*30300A130819*1*125*50*10*13*780261323387583   00**1~NM1*QC*1*BONILLA*NANCY****MI*NJX3HZN71563020~NM1*82*2*M M WIESE WAIBEL LCSW*****XX*1902991391~DTM*050*20130821~DTM*232*20130806~DTM*233*20130806~PER*CX*NJ DIRECT*TE*8006241110~AMT*AU*60~AMT*T2*50~SVC*HC:99199*125*50**1*HC:90834~DTM*472*20130806~CAS*PR*3*10~CAS*CO*45*65~REF*6R*0~REF*HPI*1902991391~AMT*B6*60~CLP*35700A130820*1*125*50*10*13*780261323465591   00**1~NM1*QC*1*BONILLA*NANCY****MI*NJX3HZN71563020~NM1*82*2*M M WIESE WAIBEL LCSW*****XX*1902991391~DTM*050*20130822~DTM*232*20130813~DTM*233*20130813~PER*CX*NJ DIRECT*TE*8006241110~AMT*AU*60~AMT*T2*50~SVC*HC:99199*125*50**1*HC:90834~DTM*472*20130813~CAS*PR*3*10~CAS*CO*45*65~REF*6R*0~REF*HPI*1902991391~AMT*B6*60~CLP*28800A130819*1*125*45*15*13*780261323387565   00**1~NM1*QC*1*CORNWELL*ELIZABETH****MI*3HZN852616900~NM1*74*1*CORNWELL*ELIZABETH*H***C*NJX3HZN85261690~NM1*82*2*M M WIESE WAIBEL LCSW*****XX*1902991391~DTM*050*20130821~DTM*232*20130805~DTM*233*20130805~PER*CX*NJ DIRECT*TE*8006241110~AMT*AU*60~AMT*T2*45~SVC*HC:99199*125*45**1*HC:90834~DTM*472*20130805~CAS*PR*3*15~CAS*CO*45*65~REF*6R*0~REF*HPI*1902991391~AMT*B6*60~CLP*33500A130820*1*125*45*15*13*780271323483828   00**1~NM1*QC*1*CORNWELL*ELIZABETH****MI*3HZN852616900~NM1*74*1*CORNWELL*ELIZABETH*H***C*NJX3HZN85261690~NM1*82*2*M M WIESE WAIBEL LCSW*****XX*1902991391~DTM*050*20130822~DTM*232*20130812~DTM*233*20130812~PER*CX*NJ DIRECT*TE*8006241110~AMT*AU*60~AMT*T2*45~SVC*HC:99199*125*45**1*HC:90834~DTM*472*20130812~CAS*PR*3*15~CAS*CO*45*65~REF*6R*0~REF*HPI*1902991391~AMT*B6*60~CLP*30800A130820*1*125*50*10*13*780261323467107   00**1~NM1*QC*1*DANIELSON*CHRISTINE****MI*NJX3HZN77593920~NM1*IL*1*FAUGHNAN*RICHARD****MI*3HZN775939201~NM1*74*1*FAUGHNAN*RICHARD*F***C*3HZN775939201~NM1*82*2*M M WIESE WAIBEL LCSW*****XX*1902991391~DTM*050*20130822~DTM*232*20130807~DTM*233*20130807~PER*CX*NJ DIRECT*TE*8006241110~AMT*AU*60~AMT*T2*50~SVC*HC:99199*125*50**1*HC:90834~DTM*472*20130807~CAS*PR*3*10~CAS*CO*45*65~REF*6R*0~REF*HPI*1902991391~AMT*B6*60~CLP*36200A130820*1*125*50*10*13*780271323483825   00**1~NM1*QC*1*DANIELSON*CHRISTINE****MI*NJX3HZN77593920~NM1*IL*1*FAUGHNAN*RICHARD****MI*3HZN775939201~NM1*74*1*FAUGHNAN*RICHARD*F***C*3HZN775939201~NM1*82*2*M M WIESE WAIBEL LCSW*****XX*1902991391~DTM*050*20130822~DTM*232*20130814~DTM*233*20130814~PER*CX*NJ DIRECT*TE*8006241110~AMT*AU*60~AMT*T2*50~SVC*HC:99199*125*50**1*HC:90834~DTM*472*20130814~CAS*PR*3*10~CAS*CO*45*65~REF*6R*0~REF*HPI*1902991391~AMT*B6*60~CLP*27100A130819*1*125*45*15*13*780261323389519   00**1~NM1*QC*1*LENAHAN*MEAGHAN****MI*3HZN361915300~NM1*74*1*LENAHAN*MEAGHAN*M***C*NJX3HZN36191530~NM1*82*2*M M WIESE WAIBEL LCSW*****XX*1902991391~DTM*050*20130821~DTM*232*20130801~DTM*233*20130801~PER*CX*NJ DIRECT*TE*8006241110~AMT*AU*60~AMT*T2*45~SVC*HC:99199*125*45**1*HC:90834~DTM*472*20130801~CAS*PR*3*15~CAS*CO*45*65~REF*6R*0~REF*HPI*1902991391~AMT*B6*60~CLP*37400A130820*1*125*45*15*13*780261323467105   00**1~NM1*QC*1*LENAHAN*MEAGHAN****MI*3HZN361915300~NM1*74*1*LENAHAN*MEAGHAN*M***C*NJX3HZN36191530~NM1*82*2*M M WIESE WAIBEL LCSW*****XX*1902991391~DTM*050*20130822~DTM*232*20130815~DTM*233*20130815~PER*CX*NJ DIRECT*TE*8006241110~AMT*AU*60~AMT*T2*45~SVC*HC:99199*125*45**1*HC:90834~DTM*472*20130815~CAS*PR*3*15~CAS*CO*45*65~REF*6R*0~REF*HPI*1902991391~AMT*B6*60~CLP*29100A130819*1*125*45*15*13*780261323389521   00**1~NM1*QC*1*MONDI*NICHOL****MI*NJX3HZN15469020~NM1*IL*1*MONDI*FREDERICK****MI*3HZN154690200~NM1*74*1*MONDI*FREDERICK*B***C*3HZN154690200~NM1*82*2*M M WIESE WAIBEL LCSW*****XX*1902991391~DTM*050*20130821~DTM*232*20130805~DTM*233*20130805~PER*CX*NJ DIRECT*TE*8006241110~AMT*AU*60~AMT*T2*45~SVC*HC:99199*125*45**1*HC:90834~DTM*472*20130805~CAS*PR*3*15~CAS*CO*45*65~REF*6R*0~REF*HPI*1902991391~AMT*B6*60~CLP*33900A130820*1*125*45*15*13*780271323435995   00**1~NM1*QC*1*PAONE*BARBARA*A***MI*NJX3HZN47086210~NM1*IL*1*PAONE*JOE****MI*3HZN470862100~NM1*74*1*PAONE*JOSEPH****C*3HZN470862100~NM1*82*2*M M WIESE WAIBEL LCSW*****XX*1902991391~DTM*050*20130822~DTM*232*20130812~DTM*233*20130812~PER*CX*NJ DIRECT*TE*8006241110~AMT*AU*60~AMT*T2*45~SVC*HC:99199*125*45**1*HC:90834~DTM*472*20130812~CAS*PR*3*15~CAS*CO*45*65~REF*6R*0~REF*HPI*1902991391~AMT*B6*60~CLP*137426725 A*1*125*0*125*13*780271323413112   00**1~CAS*PR*96*41.17~CAS*OA*96*-41.17~NM1*QC*1*TORRE*JOSEPH*J***MI*3HZN555919000~NM1*74*1*TORRE*JOSEPH****C*3HZN55591900~NM1*82*2*M M WIESE WAIBEL LCSW*****XX*1902991391~MOA***MA69~DTM*050*20130822~DTM*232*20130711~DTM*233*20130711~PER*CX*HORIZON BLUE CROSS BLUE SHIELD OF NEW JERSEY DIRECT ACCESS*TE*8006241110~SVC*HC:99199*125*0**1*HC:90834~DTM*472*20130711~CAS*PR*27*83.83~CAS*OA*23*41.17~REF*6R*LX#01~REF*HPI*1902991391~SE*220*0005~GE*5*151581150~IEA*1*151581150~
