ISA*00*          *00*          *ZZ*330897513      *ZZ*ASSOCIATEDBC   *130826*2005*^*00501*151581149*0*P*:~GS*HP*330897513*ASSOCIATEDBC*20130826*2005*151581149*X*005010X221A1~ST*835*0001~BPR*I*20*C*ACH*CCP*01*055003201*DA*2000026932448*1522135463**01*031201360*DA*7869322623*20130824~TRN*1*146558*1522135463*IBC2~REF*EV*330897513~REF*F2*CAPS STL~DTM*405*20130824~N1*PR*MAGELLAN BEHAVIORAL HEALTH OF NEW JERSEY, LLC.~N3*P.O. BOX 1958~N4*MARYLAND HEIGHTS*MO*63043~PER*CX**TE*8006881911~PER*BL*MAGELLAN EDI*TE*3143875890~N1*PE*CENTER FOR PSYCHOLOGICAL SERVI*XX*1457686560~N3*491 AMWELL RD BLDG 1*STE 103~N4*HILLSBOROUGH*NJ*088448212~REF*TJ*263895688~LX*1~CLP*NA*1*150*20*40*HM*113816480~NM1*QC*1*DEPAOLA*MICHAEL****MI*152645749BG~NM1*82*1*RITTER*LINDA****XX*1144599416~DTM*050*20130820~DTM*232*20130806~DTM*233*20130806~SVC*HC:90834*150*20**1~DTM*472*20130806~CAS*CO*45*90~CAS*PR*3*40~REF*HPI*1144599416~AMT*B6*60~SE*29*0001~GE*1*151581149~IEA*1*151581149~
