ISA*00*          *00*          *ZZ*330897513      *ZZ*ASSOCIATEDBC   *130827*1545*^*00501*151699397*0*P*:~GS*HP*330897513*ASSOCIATEDBC*20130827*1545*151699397*X*005010X221A1~ST*835*0001~BPR*H*0*C*NON************20130826~TRN*1*358914495*1205296137~REF*EV*1929361~DTM*405*20130823~N1*PR*NOVITAS SOLUTIONS, INC.~N3*PO BOX 3031~N4*MECHANICSBURG*PA*170551803~REF*2U*12402~PER*CX**TE*8772358073~PER*BL*NOVITAS SOLUTIONS, INC. EDI SERVICES*TE*8772358073*EX*1*EM*WEBSITEEDI@NOVITAS_SOLUTIONS.COM~N1*PE*EUNICE P. EUROPA*XX*1205985884~N3*28 MORRIS ROAD~N4*TENAFLY*NJ*076702427~REF*TJ*141305923~LX*1~CLP*092368750 M*1*450*0**MB*0813224230090*11~NM1*QC*1*FOX*LINDA****HN*092368750M~MOA***MA01~DTM*050*20130812~SVC*HC:90834*150*0**0**1~DTM*472*20130717~CAS*OA*18*150~REF*6R*LX#01~REF*LU*11~LQ*HE*N522~SVC*HC:90834*150*0**0**1~DTM*472*20130724~CAS*OA*18*150~REF*6R*LX#02~REF*LU*11~LQ*HE*N522~SVC*HC:90834*150*0**0**1~DTM*472*20130730~CAS*OA*18*150~REF*6R*LX#03~REF*LU*11~LQ*HE*N522~CLP*155324974A*1*900*0**MB*0813224230080*11~NM1*QC*1*GOODNOUGH*SUSAN****HN*155324974A~MOA***MA01~DTM*050*20130812~SVC*HC:90834*150*0**0**1~DTM*472*20130716~CAS*OA*18*150~REF*6R*LX#01~REF*LU*11~LQ*HE*N522~SVC*HC:90834*150*0**0**1~DTM*472*20130717~CAS*OA*18*150~REF*6R*LX#02~REF*LU*11~LQ*HE*N522~SVC*HC:90834*150*0**0**1~DTM*472*20130723~CAS*OA*18*150~REF*6R*LX#03~REF*LU*11~LQ*HE*N522~SVC*HC:90834*150*0**0**1~DTM*472*20130724~CAS*OA*18*150~REF*6R*LX#04~REF*LU*11~LQ*HE*N522~SVC*HC:90834*150*0**0**1~DTM*472*20130730~CAS*OA*18*150~REF*6R*LX#05~REF*LU*11~LQ*HE*N522~SVC*HC:90834*150*0**0**1~DTM*472*20130731~CAS*OA*18*150~REF*6R*LX#06~REF*LU*11~LQ*HE*N522~CLP*153522271A*1*450*0**MB*0813224230060*11~NM1*QC*1*WINE*DONNA****HN*153522271A~MOA***MA01~DTM*050*20130812~SVC*HC:90834*150*0**0**1~DTM*472*20130716~CAS*OA*18*150~REF*6R*LX#01~REF*LU*11~LQ*HE*N522~SVC*HC:90834*150*0**0**1~DTM*472*20130723~CAS*OA*18*150~REF*6R*LX#02~REF*LU*11~LQ*HE*N522~SVC*HC:90834*150*0**0**1~DTM*472*20130724~CAS*OA*18*150~REF*6R*LX#03~REF*LU*11~LQ*HE*N522~SE*101*0001~ST*835*0002~BPR*I*63*C*CHK************20130822~TRN*1*704650601*1411648670~REF*EV*870426777~REF*F2*1~DTM*405*20130823~N1*PR*CIGNA BEHAVIORAL HEALTH INC.~N3*P.O. BOX 182223~N4*CHATTANOOGA*TN*374227223~PER*BL*HP*EM*CLAIMS.INTAKE.APP.SUPPORT@HP.COM~PER*IC**UR*WWW.CIGNAFORHCP.COM~N1*PE*JONATHAN C BEAZLEY LCDC*XX*1619185469~N3*103 MANSFIELD HOLLOW RD~N4*MANSFIELD CTR*CT*062501317~REF*TJ*454403457~LX*1~CLP*33700A130820*1*100*63*5*13*8681323310972*11*1~NM1*QC*1*BATES*CATHARINA ANN****MI*U3036483202~NM1*IL*1*BATES*DOUGLAS A.****MI*U3036483201~NM1*74*1*BATES*CATHARINA****C*U3036483202~NM1*82*1*BEAZLEY LCDC*JONATHAN*C***FI*454403457~REF*1L*3329502~REF*CE*OPEN ACCESS PLUS~DTM*050*20130821~DTM*232*20130725~DTM*233*20130725~PER*CX*MEMBER SERVICES*TE*8002446224~AMT*AU*68~SVC*HC:90834*100*63**1~CAS*CO*45*32~CAS*PR*3*5~REF*6R*0~AMT*B6*68~SE*34*0002~ST*835*0003~BPR*H*0*C*NON************20130823~TRN*1*8681323310910 20130822 0048046*1591031071~REF*EV*870426777~REF*F2*1~DTM*405*20130823~N1*PR*CIGNA HEALTH AND LIFE INSURANCE COMPANY~N3*P.O. BOX 182223~N4*CHATTANOOGA*TN*374227223~PER*BL*HP*EM*CLAIMS.INTAKE.APP.SUPPORT@HP.COM~PER*IC**UR*WWW.CIGNAFORHCP.COM~N1*PE*KAREN WAY PHD*XX*1477603942~N3*38 JUNIPER LN~N4*PISCATAWAY*NJ*088545632~REF*TJ*264523736~LX*1~CLP*38700A130820*4*150*0*150*13*8681323310910*11*1~NM1*QC*1*MORE*PROVIDENCE****MI*U3212939001~NM1*82*1*WAY*KAREN****FI*264523736~REF*1L*3208548~REF*CE*OPEN ACCESS PLUS IN-NETWORK~DTM*050*20130821~DTM*232*20130814~DTM*233*20130814~PER*CX*MEMBER SERVICES*TE*8002446224~SVC*HC:90834*150*0~CAS*PR*242*150~REF*6R*0~SE*29*0003~ST*835*0004~BPR*I*50*C*CHK************20130822~TRN*1*334201404*1060303370~REF*EV*870426777~REF*F2*1~DTM*405*20130824~N1*PR*CONNECTICUT GENERAL LIFE INSURANCE COMPANY~N3*P.O. BOX 182223~N4*CHATTANOOGA*TN*374227223~PER*BL*HP*EM*CLAIMS.INTAKE.APP.SUPPORT@HP.COM~PER*IC**UR*WWW.CIGNAFORHCP.COM~N1*PE*MAUREEN WIESE-WAIBEL MSW*XX*1902991391~N3*800 RARITAN RD~N4*CLARK*NJ*070661710~REF*TJ*262135919~LX*1~CLP*31400A130820*1*125*50*20*13*7681323304120*11*1~NM1*QC*1*MCANDREW*PATRICIA****MI*U3513948001~NM1*82*1*WIESE-WAIBEL*MAUREEN****FI*262135919~REF*1L*3210608~REF*CE*OPEN ACCESS PLUS IN-NETWORK~DTM*050*20130821~DTM*232*20130807~DTM*233*20130807~PER*CX*MEMBER SERVICES*TE*8002446224~AMT*AU*70~SVC*HC:90834*125*50**1~CAS*CO*45*55~CAS*PR*3*20~REF*6R*0~AMT*B6*70~SE*32*0004~ST*835*0005~BPR*I*112*C*CHK************20130822~TRN*1*334205362*1591031071~REF*EV*870426777~REF*F2*1~DTM*405*20130824~N1*PR*CIGNA HEALTH AND LIFE INSURANCE COMPANY~N3*P. O. BOX 182223~N4*CHATTANOOGA*TN*374227223~PER*BL*HP*EM*CLAIMS.INTAKE.APP.SUPPORT@HP.COM~PER*IC**UR*WWW.CIGNAFORHCP.COM~N1*PE*MAUREEN WIESE-WAIBEL MSW*XX*1902991391~N3*800 RARITAN RD~N4*CLARK*NJ*070661710~REF*TJ*262135919~LX*1~CLP*32500A130820*1*125*56*14*13*4651323397291*11*1~NM1*QC*1*LEFKOWITZ*SHEILA****MI*U4546145501~NM1*82*1*WIESE-WAIBEL*MAUREEN****FI*262135919~REF*1L*3213484~REF*CE*OPEN ACCESS PLUS~DTM*050*20130821~DTM*232*20130808~DTM*233*20130808~PER*CX*MEMBER SERVICES*TE*8002446224~AMT*AU*70~SVC*HC:90834*125*56**1~CAS*CO*45*55~CAS*PR*2*14~REF*6R*0~AMT*B6*70~CLP*27300A130819*1*125*56*14*13*4651323295227*11*1~NM1*QC*1*LEFKOWITZ*SHEILA****MI*U4546145501~NM1*82*1*WIESE-WAIBEL*MAUREEN****FI*262135919~REF*1L*3213484~REF*CE*OPEN ACCESS PLUS~DTM*050*20130820~DTM*232*20130801~DTM*233*20130801~PER*CX*MEMBER SERVICES*TE*8002446224~AMT*AU*70~SVC*HC:90834*125*56**1~CAS*CO*45*55~CAS*PR*2*14~REF*6R*0~AMT*B6*70~SE*47*0005~ST*835*0006~BPR*I*55*C*CHK************20130821~TRN*1*257143843*1591031071~REF*EV*870426777~REF*F2*1~DTM*405*20130824~N1*PR*CIGNA HEALTH AND LIFE INSURANCE COMPANY~N3*P. O. BOX 182223~N4*CHATTANOOGA*TN*374227223~PER*BL*HP*EM*CLAIMS.INTAKE.APP.SUPPORT@HP.COM~PER*IC**UR*WWW.CIGNAFORHCP.COM~N1*PE*MAUREEN WIESE-WAIBEL MSW*XX*1902991391~N3*800 RARITAN RD~N4*CLARK*NJ*070661710~REF*TJ*262135919~LX*1~CLP*27200A130819*1*125*55*15*13*8651323298197*11*1~NM1*QC*1*SINGER*JASON*D***MI*U0184931601~NM1*82*1*WIESE-WAIBEL*MAUREEN****FI*262135919~REF*1L*3176426~REF*CE*OPEN ACCESS PLUS~DTM*050*20130820~DTM*232*20130801~DTM*233*20130801~PER*CX*MEMBER SERVICES*TE*8002446224~AMT*AU*70~SVC*HC:90834*125*55**1~CAS*CO*45*55~CAS*PR*3*15~REF*6R*0~AMT*B6*70~SE*32*0006~ST*835*0007~BPR*I*63*C*CHK************20130823~TRN*1*704653610*1411648670~REF*EV*870426777~REF*F2*1~DTM*405*20130824~N1*PR*CIGNA BEHAVIORAL HEALTH INC.~N3*P.O. BOX 182223~N4*CHATTANOOGA*TN*374227223~PER*BL*HP*EM*CLAIMS.INTAKE.APP.SUPPORT@HP.COM~PER*IC**UR*WWW.CIGNAFORHCP.COM~N1*PE*JONATHAN C BEAZLEY LCDC*XX*1619185469~N3*103 MANSFIELD HOLLOW RD~N4*MANSFIELD CTR*CT*062501317~REF*TJ*454403457~LX*1~CLP*34600A130820*1*100*63*5*13*8681323408923*11*1~NM1*QC*1*BATES*CATHARINA ANN****MI*U3036483202~NM1*IL*1*BATES*DOUGLAS A.****MI*U3036483201~NM1*74*1*BATES*CATHARINA****C*U3036483202~NM1*82*1*BEAZLEY LCDC*JONATHAN*C***FI*454403457~REF*1L*3329502~REF*CE*OPEN ACCESS PLUS~DTM*050*20130822~DTM*232*20130731~DTM*233*20130731~PER*CX*MEMBER SERVICES*TE*8002446224~AMT*AU*68~SVC*HC:90834*100*63**1~CAS*CO*45*32~CAS*PR*3*5~REF*6R*0~AMT*B6*68~SE*34*0007~ST*835*0008~BPR*I*339.81*C*CHK************20130827~TRN*1*08325-093133530*1066033492~REF*EV*330897513~DTM*405*20130827~N1*PR*AETNA~N3*151 FARMINGTON AVENUE~N4*HARTFORD*CT*06156~PER*BL*PROVIDER SERVICE~N1*PE*CHATMAN-FINLEY, DEBRA D*XX*1346469632~N3*134 W END AVE FL 2~N4*SOMERVILLE*NJ*088761816~REF*PQ*183005000~REF*TJ*264224733~LX*1~TS3*1346469632*11*20131231*5*750~CLP*17500A130816*1*150*67.86*82.14*13*E4PA78FYB0000*11*1~NM1*QC*1*HAHN*KRISTINA~NM1*IL*1*HAHN*DEBRA****MI*W075948199~NM1*82*1*CHATMAN-FINLEY*DEBRA*D***XX*1346469632~REF*1L*0100462-042-00004-PX~REF*CE*AETNA CHOICE  POS II~DTM*050*20130819~DTM*232*20130702~DTM*233*20130702~PER*CX**TE*8886323862~AMT*AU*150~SVC*HC:90834*150*67.86**1~DTM*472*20130702~CAS*PR*2*36.54**45*45.6~AMT*B6*104.4~LQ*HE*N130~CLP*23600A130816*1*150*69.3*80.7*13*E9AA754R60000*11*1~NM1*QC*1*KEITH-WILSON*KENYAU****MI*W187952608~NM1*82*1*CHATMAN-FINLEY*DEBRA*D***XX*1346469632~REF*1L*0811305-020-00001- I~DTM*050*20130819~DTM*232*20130718~DTM*233*20130718~PER*CX**TE*8886323862~AMT*AU*150~SVC*HC:90834*150*69.3**1~DTM*472*20130718~CAS*PR*2*29.7**45*51~AMT*B6*99~LQ*HE*N130~CLP*25700A130816*1*150*68.25*81.75*13*E9JA74TDD0000*11*1~NM1*QC*1*HAHN*KRISTINA~NM1*IL*1*HAHN*DEBRA****MI*W075948199~NM1*82*1*CHATMAN-FINLEY*DEBRA*D***XX*1346469632~REF*1L*0100462-042-00004-PX~REF*CE*AETNA CHOICE  POS II~DTM*050*20130819~DTM*232*20130807~DTM*233*20130807~PER*CX**TE*8886323862~AMT*AU*150~SVC*HC:90834*150*68.25**1~DTM*472*20130807~CAS*PR*2*36.75**45*45~AMT*B6*105~LQ*HE*N130~CLP*25900A130816*1*150*69.3*80.7*13*E9RS74TC70000*11*1~NM1*QC*1*KEITH-WILSON*KENYAU****MI*W187952608~NM1*82*1*CHATMAN-FINLEY*DEBRA*D***XX*1346469632~REF*1L*0811305-020-00001- I~DTM*050*20130819~DTM*232*20130808~DTM*233*20130808~PER*CX**TE*8886323862~AMT*AU*150~SVC*HC:90834*150*69.3**1~DTM*472*20130808~CAS*PR*2*29.7**45*51~AMT*B6*99~LQ*HE*N130~CLP*18900A130816*1*150*65.1*84.9*13*E90175RKP0000*11*1~NM1*QC*1*KEITH-WILSON*KENYAU****MI*W187952608~NM1*82*1*CHATMAN-FINLEY*DEBRA*D***XX*1346469632~REF*1L*0811305-020-00001- I~DTM*050*20130819~DTM*232*20130711~DTM*233*20130711~PER*CX**TE*8886323862~AMT*AU*150~SVC*HC:90834*150*65.1**1~DTM*472*20130711~CAS*PR*2*27.9**45*57~AMT*B6*93~LQ*HE*N130~SE*91*0008~GE*8*151699397~IEA*1*151699397~
