ISA*00*          *00*          *ZZ*330897513      *ZZ*ASSOCIATEDBC   *130827*1545*U*00401*151699399*0*P*:~GS*HP*330897513*ASSOCIATEDBC*20130827*1545*151699399*X*004010X091A1~ST*835*0001~BPR*I*62.56*C*CHK************20130823~TRN*1*175492*1942649097*000087726~DTM*405*20130824~N1*PR*UNITED HEALTHCARE INSURANCE COMPANY*XV*87726~N3*P.O. BOX 30535~N4*SALT LAKE CITY*UT*84130~REF*2U*87726~REF*EO*1805600001~N1*PE*KATHERINE HEEG*XX*1457686560~N3*491 AMWELL RD~N4*HILLSBOROUGH*NJ*088448212~REF*TJ*263895688~LX*1~CLP*0*1*150*62.56*87.44*15*13X313206300*11~NM1*QC*1*MOODY*CAROLYN*T***MI*14150473601~NM1*IL*1*MOODY*PAUL*A***MI*141504736~REF*1L*12613~REF*CE*UCR @ 90TH PERCENTILE, MA~DTM*050*20130813~AMT*AU*113.75~SVC*HC:90834*150*62.56**1~DTM*472*20130802~CAS*PR*2*51.19**45*36.25~REF*6R*1~AMT*B6*113.75~SE*27*0001~GE*1*151699399~IEA*1*151699399~
