ISA*00*          *00*          *ZZ*330897513      *ZZ*ASSOCIATEDBC   *130828*1246*U*00401*151817961*0*P*:~GS*HP*330897513*ASSOCIATEDBC*20130828*1246*151817961*X*004010X091A1~ST*835*0001~BPR*I*271.44*C*CHK************20130827~TRN*1*1151106988*1362739571*000036273~DTM*405*20130827~N1*PR*UNITED HEALTH CARE*XV*36273~N3*PO BOX 740819~N4*ATLANTA*GA*303740819~PER*CX*CUSTOMER SERVICE*TE*8002277789~N1*PE*ROZOV               ELISSA*XX*1942403613~N3*8 N 2ND AVE~N4*HIGHLAND PARK*NJ*089042419~REF*TJ*205426906~LX*1~TS3*1942403613*11*20131231*1*660~CLP*EL1SSA J R0Z0V*2*660*120.64**15*322042145641*11*1~NM1*QC*1*SUNDQUIST*AMY*L***MI*33071518211~DTM*050*20130808~DTM*232*20130617~DTM*233*20130627~AMT*AU*344.68~SVC*HC:90834*165*30.16**0~DTM*472*20130617~CAS*CO*23*134.84~REF*6R*LX#01~AMT*B6*86.17~SVC*HC:90834*165*30.16**0~DTM*472*20130619~CAS*CO*23*134.84~REF*6R*LX#02~AMT*B6*86.17~SVC*HC:90834*165*30.16**0~DTM*472*20130626~CAS*CO*23*134.84~REF*6R*LX#03~AMT*B6*86.17~SVC*HC:90834*165*30.16**0~DTM*472*20130627~CAS*CO*23*134.84~REF*6R*LX#04~AMT*B6*86.17~LX*2~TS3*1942403613*11*20131231*1*825~CLP*EL1SSA J R0Z0V*2*825*150.8**15*323442145151*11*1~NM1*QC*1*SUNDQUIST*AMY*L***MI*33071518211~DTM*050*20130822~DTM*232*20130701~DTM*233*20130715~AMT*AU*430.85~SVC*HC:90834*165*30.16**0~DTM*472*20130701~CAS*CO*23*134.84~REF*6R*LX#01~AMT*B6*86.17~SVC*HC:90834*165*30.16**0~DTM*472*20130703~CAS*CO*23*134.84~REF*6R*LX#02~AMT*B6*86.17~SVC*HC:90834*165*30.16**0~DTM*472*20130708~CAS*CO*23*134.84~REF*6R*LX#03~AMT*B6*86.17~SVC*HC:90834*165*30.16**0~DTM*472*20130710~CAS*CO*23*134.84~REF*6R*LX#04~AMT*B6*86.17~SVC*HC:90834*165*30.16**0~DTM*472*20130715~CAS*CO*23*134.84~REF*6R*LX#05~AMT*B6*86.17~SE*74*0001~ST*835*0002~BPR*H*0*C*NON************20130828~TRN*1*1QG92658987*1411289245*000087726~REF*EV*263895688~DTM*405*20130823~N1*PR*UNITED HEALTHCARE INSURANCE COMPANY*XV*87726~N3*9900 BREN ROAD~N4*MINNETONKA*MN*553430000~REF*2U*87726~PER*CX*ATLANTA SERVICE CENTER*TE*8778423210~N1*PE*CENTER FOR PSYCHOLOGICAL SERVI*FI*263895688~N3*491 AMWELL RD STE 103~N4*HILLSBOROUGH*NJ*088440000~LX*1~TS3*263895688*11*20131231*1*175~CLP*0*1*175*0*83.25*13*4238740396 0017245994*11~NM1*QC*1*DUFF*MICHAEL~NM1*IL*1*DUFF*MICHAEL****MI*959493821~NM1*82*1*DEMARZO*LAURA****XX*1255372603~REF*1L*218856~REF*CE*CHOYC+~DTM*050*20130813~DTM*232*20130801~AMT*AU*175~SVC*HC:90834*175*0**1~DTM*472*20130801~CAS*CO*45*91.75~CAS*PR*1*83.25~REF*6R*001~AMT*B6*83.25~SE*31*0002~ST*835*0003~BPR*I*191.43*C*ACH*CCP*01*124384877*DA*1470858534*1411289245*000087726*01*031201360*DA*7869322623*20130828~TRN*1*1QG41776668*1411289245*000087726~DTM*405*20130823~N1*PR*UNITED HEALTHCARE INSURANCE COMPANY*XV*87726~N3*9900 BREN ROAD~N4*MINNETONKA*MN*553430000~REF*2U*87726~PER*CX*ATLANTA SERVICE CENTER*TE*8778423210~N1*PE*CENTER FOR PSYCHOLOGICAL SERVI*XX*1457686560~N3*491 AMWELL RD STE 103~N4*HILLSBOROUGH*NJ*088440000~REF*TJ*263895688~LX*1~TS3*1457686560*11*20131231*3*525~CLP*0*1*175*53.25*30*13*4238740393 0030341005*11~NM1*QC*1*MAZZA*JANICE~NM1*IL*1*MAZZA*JERRY****MI*911851525~NM1*74*1*MAZZA*JEREMIAH~NM1*82*1*DEMARZO*LAURA****XX*1255372603~REF*1L*718179~REF*CE*CHOYC+~DTM*050*20130813~DTM*232*20130801~AMT*AU*175~SVC*HC:90834*175*53.25**1~DTM*472*20130801~CAS*CO*45*91.75~CAS*PR*3*30~REF*6R*001~AMT*B6*83.25~CLP*0*1*175*63.25*20*13*4238740395 0056765280*11~NM1*QC*1*CHIANG*JEAN*M~NM1*IL*1*CHIANG*JORGE****MI*879017628~NM1*74*1*CHIANG*JORGE*E~NM1*82*1*DEMARZO*LAURA****XX*1255372603~REF*1L*228485~REF*CE*CHOYC+~DTM*050*20130813~DTM*232*20130730~AMT*AU*175~SVC*HC:90834*175*63.25**1~DTM*472*20130730~CAS*CO*45*91.75~CAS*PR*3*20~REF*6R*001~AMT*B6*83.25~CLP*0*1*175*74.93*8.32*13*4238740397 0007416816*11~NM1*QC*1*EDELSTEIN*SARAH~NM1*IL*1*EDELSTEIN*MITCHELL****MI*901334631~NM1*74*1*EDELSTEIN*MITCHELL*L~NM1*82*1*DEMARZO*LAURA****XX*1255372603~REF*1L*702595~REF*CE*CHOYC+~DTM*050*20130813~DTM*232*20130730~AMT*AU*175~SVC*HC:90834*175*74.93**1~DTM*472*20130730~CAS*CO*45*91.75~CAS*PR*2*8.32~REF*6R*001~AMT*B6*83.25~SE*64*0003~GE*3*151817961~IEA*1*151817961~
