ISA*00*          *00*          *ZZ*330897513      *ZZ*ASSOCIATEDBC   *130828*1246*^*00501*151817959*0*P*:~GS*HP*330897513*ASSOCIATEDBC*20130828*1246*151817959*X*005010X221A1~ST*835*0001~BPR*H*0*C*NON************20130828~TRN*1*012673849*1216000928~REF*EV*9904204~DTM*405*20130823~N1*PR*NEW JERSEY MEDICAID~N3*3705 QUAKERBRIDGE ROAD, SUITE 101~N4*TRENTON*NJ*086191288~PER*CX*NEW JERSEY MEDICAID PROVIDER SERVICES*TE*8007766334~PER*BL*NEW JERSEY EDI UNIT*TE*6095886051*EM*NJMMISEDI@MOLINAHEALTHCARE.COM*FX*6095848268~PER*IC**UR*WWW.NJMMIS.COM~N1*PE*WAY          KAREN      GPHD*XX*1477603942~REF*PQ*0225177~REF*TJ*008388097~LX*1~CLP*135742336 A*2*150*0**MC*201323124621501-0670*11*1~NM1*QC*1*HAMMOND*NORMAN****MR*122081285101~REF*EA*0813198013260~DTM*232*20130625~DTM*233*20130625~SVC*HC:90834*150*0**1**0~DTM*472*20130625~CAS*CO*45*150~REF*6R*LX#01~LQ*HE*M86~CLP*135405190 A*2*150*0**MC*201323123247301-0670*11*1~NM1*QC*1*ZABOROWSKI*RAYMOND*T***MR*122077125801~REF*EA*0813198013270~DTM*232*20130626~DTM*233*20130626~SVC*HC:90834*150*0**1**0~DTM*472*20130626~CAS*CO*45*150~REF*6R*LX#01~LQ*HE*M86~CLP*135742336 A*2*150*0**MC*201323521910201-13320670*11*1~NM1*QC*1*HAMMOND*NORMAN****MR*122081285101~REF*EA*0813203187590~DTM*232*20130702~DTM*233*20130702~SVC*HC:90834*150*0**1**0~DTM*472*20130702~CAS*CO*45*150~REF*6R*LX#01~LQ*HE*M57~LQ*HE*M86~CLP*135405190 A*2*150*0**MC*201323521634401-0670*11*1~NM1*QC*1*ZABOROWSKI*RAYMOND*T***MR*122077125801~REF*EA*0813203187910~DTM*232*20130703~DTM*233*20130703~SVC*HC:90834*150*0**1**0~DTM*472*20130703~CAS*CO*45*150~REF*6R*LX#01~LQ*HE*M86~CLP*124704137 A*4*150*0**MC*201323521163701-06700970*11*1~NM1*QC*1*KIM*SUN*C***MR*122001580001~NM1*PR*2*UNITED HEALTHCARE*****PI*AN5~NM1*GB*1*KIM*SUN~REF*EA*0813203187600~DTM*232*20130703~DTM*233*20130703~SVC*HC:90834*150*0~DTM*472*20130703~CAS*OA*16*150~REF*6R*LX#01~LQ*HE*M86~LQ*HE*MA92~CLP*026662235A*2*150*0**MC*201323521634501-0670*11*1~NM1*QC*1*GRIMALDI*JENNIFER*J***MR*212080697401~REF*EA*0813203187960~DTM*232*20130708~DTM*233*20130708~SVC*HC:90834*150*0**1**0~DTM*472*20130708~CAS*CO*45*150~REF*6R*LX#01~LQ*HE*M86~CLP*135742336 A*2*150*0**MC*201323521910202-13320670*11*1~NM1*QC*1*HAMMOND*NORMAN****MR*122081285101~REF*EA*0813203187590~DTM*232*20130709~DTM*233*20130709~SVC*HC:90834*150*0**1**0~DTM*472*20130709~CAS*CO*45*150~REF*6R*LX#02~LQ*HE*M57~LQ*HE*M86~CLP*39600A130820*1*150*67.75**MC*201323354928101*11*1~NM1*QC*1*TRANTAS*JOSEPH****MR*043025330602~DTM*232*20130710~DTM*233*20130710~AMT*AU*67.75~SVC*HC:90791*150*67.75**1**0~DTM*472*20130710~CAS*CO*45*82.25~REF*6R*0~AMT*B6*67.75~CLP*026662235A*2*150*0**MC*201323521634502-0670*11*1~NM1*QC*1*GRIMALDI*JENNIFER*J***MR*212080697401~REF*EA*0813203187960~DTM*232*20130711~DTM*233*20130711~SVC*HC:90834*150*0**1**0~DTM*472*20130711~CAS*CO*45*150~REF*6R*LX#02~LQ*HE*M86~CLP*156560448A*2*150*0**MC*201323521163801-03060670*11*1~NM1*QC*1*FRAMPTON*STEPHEN****MR*152030463701~REF*EA*0813203187950~DTM*232*20130711~DTM*233*20130711~SVC*HC:90834*150*0**1**0~DTM*472*20130711~CAS*CO*45*150~REF*6R*LX#01~LQ*HE*MA80~LQ*HE*M86~CLP*39700A130820*1*150*35.64**MC*201323354928102*11*1~NM1*QC*1*TRANTAS*JOSEPH****MR*043025330602~DTM*232*20130716~DTM*233*20130716~AMT*AU*35.64~SVC*HC:90834*150*35.64**1**0~DTM*472*20130716~CAS*CO*45*114.36~REF*6R*0~AMT*B6*35.64~CLP*39800A130820*1*150*35.64**MC*201323354928103*11*1~NM1*QC*1*TRANTAS*JOSEPH****MR*043025330602~DTM*232*20130801~DTM*233*20130801~AMT*AU*35.64~SVC*HC:90834*150*35.64**1**0~DTM*472*20130801~CAS*CO*45*114.36~REF*6R*0~AMT*B6*35.64~CLP*39900A130820*1*150*35.64**MC*201323354928104*11*1~NM1*QC*1*TRANTAS*JOSEPH****MR*043025330602~DTM*232*20130806~DTM*233*20130806~AMT*AU*35.64~SVC*HC:90834*150*35.64**1**0~DTM*472*20130806~CAS*CO*45*114.36~REF*6R*0~AMT*B6*35.64~CLP*40000A130820*1*150*35.64**MC*201323354928105*11*1~NM1*QC*1*TRANTAS*JOSEPH****MR*043025330602~DTM*232*20130808~DTM*233*20130808~AMT*AU*35.64~SVC*HC:90834*150*35.64**1**0~DTM*472*20130808~CAS*CO*45*114.36~REF*6R*0~AMT*B6*35.64~CLP*40100A130820*1*150*35.64**MC*201323354928106*11*1~NM1*QC*1*TRANTAS*JOSEPH****MR*043025330602~DTM*232*20130813~DTM*233*20130813~AMT*AU*35.64~SVC*HC:90834*150*35.64**1**0~DTM*472*20130813~CAS*CO*45*114.36~REF*6R*0~AMT*B6*35.64~CLP*40200A130820*1*150*35.64**MC*201323354928107*11*1~NM1*QC*1*TRANTAS*JOSEPH****MR*043025330602~DTM*232*20130815~DTM*233*20130815~AMT*AU*35.64~SVC*HC:90834*150*35.64**1**0~DTM*472*20130815~CAS*CO*45*114.36~REF*6R*0~AMT*B6*35.64~PLB*1477603942*20131231*CS:20131870138*281.59~SE*183*0001~GE*1*151817959~IEA*1*151817959~
