ISA*00*          *00*          *ZZ*330897513      *ZZ*ASSOCIATEDBC   *130829*0842*^*00501*151927839*0*P*:~GS*HP*330897513*ASSOCIATEDBC*20130829*0842*151927839*X*005010X221A1~ST*835*0001~BPR*I*986*C*ACH*CCP*01*011900445*DA*0000009046*1066033492**01*031201360*DA*7869322623*20130903~TRN*1*813239530000415*1066033492~REF*EV*330897513~DTM*405*20130828~N1*PR*AETNA~N3*151 FARMINGTON AVENUE~N4*HARTFORD*CT*06156~PER*BL*PROVIDER SERVICE~N1*PE*CENTER FOR PSYCHOLOGICAL SERVICES OF SOMERSET COUN*XX*1457686560~N3*491 AMWELL RD STE 103~N4*HILLSBOROUGH*NJ*088448212~REF*PQ*149850620~REF*TJ*263895688~LX*1~TS3*1457686560*11*20131231*6*1775~CLP*0*1*350*86*60*13*EG348V9NV0000*11~NM1*QC*1*BOROWSKI*ROBERT~NM1*IL*1*BOROWSKI*VIRN****MI*W159995912~NM1*74*1**VIRNA*B~NM1*82*1*DEMARZO*LAURA****XX*1255372603~REF*1L*0622709-010-00048- A~REF*CE*AETNA CHOICE  POS II NET 01449~DTM*050*20130826~DTM*232*20130604~DTM*233*20130611~PER*CX**TE*8886323862~AMT*AU*350~SVC*HC:90834*175*43**1~DTM*472*20130604~CAS*CO*45*102~CAS*PR*3*30~REF*6R*00000000001~AMT*B6*73~SVC*HC:90834*175*43**1~DTM*472*20130611~CAS*CO*45*102~CAS*PR*3*30~REF*6R*00000000002~AMT*B6*73~CLP*0*1*350*66*80*13*EVAA79JLS0000*11~NM1*QC*1*KESTNER*COURTNEY~NM1*IL*1*KESTNER*LINDA****MI*W178504567~NM1*82*1*DEMARZO*LAURA****XX*1255372603~REF*1L*0478865-010-00001- A~REF*CE*AETNA CHOICE  POS II NET 01449~DTM*050*20130821~DTM*232*20130805~DTM*233*20130812~PER*CX**TE*8886323862~AMT*AU*350~SVC*HC:90834*175*33**1~DTM*472*20130805~CAS*CO*45*102~CAS*PR*3*40~REF*6R*00000000001~AMT*B6*73~SVC*HC:90834*175*33**1~DTM*472*20130812~CAS*CO*45*102~CAS*PR*3*40~REF*6R*00000000002~AMT*B6*73~CLP*0*1*350*106*40*13*EVJK796DT0000*11~NM1*QC*1*BRACKEN*CHERYL~NM1*IL*1*BRACKEN*JOHN****MI*W160219241~NM1*82*1*DEMARZO*LAURA****XX*1255372603~REF*1L*0469701-010-00001-MB~REF*CE*AETNA CHOICE  POS II NET 01449~DTM*050*20130821~DTM*232*20130806~DTM*233*20130813~PER*CX**TE*8886323862~AMT*AU*350~SVC*HC:90834*175*53**1~DTM*472*20130806~CAS*CO*45*102~CAS*PR*3*20~REF*6R*00000000001~AMT*B6*73~SVC*HC:90834*175*53**1~DTM*472*20130813~CAS*CO*45*102~CAS*PR*3*20~REF*6R*00000000002~AMT*B6*73~CLP*0*1*350*86*60*13*EVTV8BFWY0000*11~NM1*QC*1*BOROWSKI*ROBERT~NM1*IL*1*BOROWSKI*VIRNI****MI*W159995912~NM1*74*1**VIRNA*B~NM1*82*1*DEMARZO*LAURA****XX*1255372603~REF*1L*0622709-010-00048- A~REF*CE*AETNA CHOICE  POS II NET 01449~DTM*050*20130821~DTM*232*20130806~DTM*233*20130816~PER*CX**TE*8886323862~AMT*AU*350~SVC*HC:90834*175*43**1~DTM*472*20130806~CAS*CO*45*102~CAS*PR*3*30~REF*6R*00000000001~AMT*B6*73~SVC*HC:90834*175*43**1~DTM*472*20130816~CAS*CO*45*102~CAS*PR*3*30~REF*6R*00000000002~AMT*B6*73~CLP*0*1*175*53*20*13*EV348BG1N0000*11~NM1*QC*1*KOWALS*DONNA~NM1*IL*1*KOWALS*WILLIAM****MI*W142607390~NM1*82*1*DEMARZO*LAURA****XX*1255372603~REF*1L*0884166-050-00201-JA~REF*CE*AETNA CHOICE  POS II NET 01449~DTM*050*20130821~DTM*232*20130806~DTM*233*20130806~PER*CX**TE*8886323862~AMT*AU*175~SVC*HC:90834*175*53**1~DTM*472*20130806~CAS*CO*45*102~CAS*PR*3*20~REF*6R*00000000001~AMT*B6*73~CLP*0*1*200*51*40*13*EX3478WZF0000*11~NM1*QC*1*KESTNER*COURTNEY~NM1*IL*1*KESTNER*LINDA****MI*W178504567~NM1*82*1*DEMARZO*LAURA****XX*1255372603~REF*1L*0478865-010-00001- A~REF*CE*AETNA CHOICE  POS II NET 01449~DTM*050*20130820~DTM*232*20130802~DTM*233*20130802~PER*CX**TE*8886323862~AMT*AU*200~SVC*HC:90791*200*51**1~DTM*472*20130802~CAS*CO*45*109~CAS*PR*3*40~REF*6R*00000000001~AMT*B6*91~LX*2~TS3*1457686560*11*20131231*5*750~CLP*0*1*150*45*15*13*EXJK78WZL0000*11~NM1*QC*1*STROFF*LAUREL~NM1*IL*1*STROFF*LAUREL****MI*W049846441~NM1*82*1*RITTER*LINDA****XX*1144599416~REF*1L*0701087-022-00004-UA~REF*CE*AETNA CHOICE  POS II NET 01449~DTM*050*20130820~DTM*232*20130809~DTM*233*20130809~PER*CX**TE*8886323862~AMT*AU*150~SVC*HC:90834*150*45**1~DTM*472*20130809~CAS*CO*45*90~CAS*PR*3*15~REF*6R*00000000001~AMT*B6*60~CLP*0*1*150*30*30*13*EXTV78WZS0000*11~NM1*QC*1*STANISLAW*DANIEL~NM1*IL*1*BURSKY*REBECCA****MI*W140124230~NM1*82*1*RITTER*LINDA****XX*1144599416~REF*1L*0836425-011-00001- D~REF*CE*AETNA CHOICE  POS II NET 01449~DTM*050*20130820~DTM*232*20130805~DTM*233*20130805~PER*CX**TE*8886323862~AMT*AU*150~SVC*HC:90834*150*30**1~DTM*472*20130805~CAS*CO*45*90~CAS*PR*3*30~REF*6R*00000000001~AMT*B6*60~CLP*0*1*150*45*15*13*EYFA78WZH0000*11~NM1*QC*1*POSPIECH*LYNN~NM1*IL*1*POSPIECH*LYNN****MI*W150270655~NM1*82*1*RITTER*LINDA****XX*1144599416~REF*1L*0701087-022-00003-UA~REF*CE*AETNA CHOICE  POS II NET 01449~DTM*050*20130820~DTM*232*20130809~DTM*233*20130809~PER*CX**TE*8886323862~AMT*AU*150~SVC*HC:90834*150*45**1~DTM*472*20130809~CAS*CO*45*90~CAS*PR*3*15~REF*6R*00000000001~AMT*B6*60~CLP*0*1*150*45*15*13*EYPA78WZN0000*11~NM1*QC*1*PORTILLA*DEVIN~NM1*IL*1*PORTILLA*KRISTINA****MI*W142312241~NM1*82*1*RITTER*LINDA****XX*1144599416~REF*1L*0701087-022-00002-UA~REF*CE*AETNA CHOICE  POS II NET 01449~DTM*050*20130820~DTM*232*20130810~DTM*233*20130810~PER*CX**TE*8886323862~AMT*AU*150~SVC*HC:90834*150*45**1~DTM*472*20130810~CAS*CO*45*90~CAS*PR*3*15~REF*6R*00000000001~AMT*B6*60~CLP*0*1*150*54*6*13*EYYZ78WZG0000*11~NM1*QC*1*BURMAN*DIANE~NM1*IL*1*BURMAN*DAVID****MI*W461166667~NM1*82*1*RITTER*LINDA****XX*1144599416~REF*1L*0800215-018-00001- I~DTM*050*20130820~DTM*232*20130805~DTM*233*20130805~PER*CX**TE*8886323862~AMT*AU*150~SVC*HC:90834*150*54**1~DTM*472*20130805~CAS*CO*45*90~CAS*PR*2*6~REF*6R*00000000001~AMT*B6*60~LX*3~TS3*1275694077*11*20131231*2*350~CLP*0*2*175*40*20*13*E0FA7Q0350000*11~NM1*QC*1*MINICHINI*BETHANY~NM1*IL*1*TUREK*JAMES****MI*W030497647~NM1*82*1*HURT*DEBBIE****XX*1275694077~REF*1L*0699826-015-00007-CA~REF*CE*AETNA CHOICE  POS II NET 01449~DTM*050*20130819~DTM*232*20130703~DTM*233*20130703~PER*CX**TE*8886323862~AMT*AU*175~SVC*HC:90834*175*40**1~DTM*472*20130703~CAS*CO*45*115~CAS*PR*3*20~REF*6R*00000000001~AMT*B6*60~CLP*0*2*175*40*20*13*E1JK7TRKG0000*11~NM1*QC*1*MINICHINI*BETHANY~NM1*IL*1*TUREK*JAMES****MI*W030497647~NM1*82*1*HURT*DEBBIE****XX*1275694077~REF*1L*0699826-015-00007-CA~REF*CE*AETNA CHOICE  POS II NET 01449~DTM*050*20130819~DTM*232*20130709~DTM*233*20130709~PER*CX**TE*8886323862~AMT*AU*175~SVC*HC:90834*175*40**1~DTM*472*20130709~CAS*CO*45*115~CAS*PR*3*20~REF*6R*00000000001~AMT*B6*60~LX*4~TS3*1457686560*11*20131231*4*875~CLP*0*1*175*54*6*13*ETJK8BP440000*11~NM1*QC*1*BURMAN*DAVID~NM1*IL*1*BURMAN*DAVID****MI*W461166667~NM1*82*1*HURT*DEBBIE****XX*1275694077~REF*1L*0800215-018-00001- I~DTM*050*20130820~DTM*232*20130814~DTM*233*20130814~PER*CX**TE*8886323862~AMT*AU*175~SVC*HC:90834*175*54**1~DTM*472*20130814~CAS*CO*45*115~CAS*PR*2*6~REF*6R*00000000001~AMT*B6*60~CLP*0*1*175*25*35*13*ETTV798L60000*11~NM1*QC*1*MARSHALL*RICHARD~NM1*IL*1*MARSHALL*RICHARD****MI*W160204768~NM1*82*1*HURT*DEBBIE****XX*1275694077~REF*1L*0469807-010-00101-BA~REF*CE*AETNA CHOICE  POS II NET 01449~DTM*050*20130820~DTM*232*20130807~DTM*233*20130807~PER*CX**TE*8886323862~AMT*AU*175~SVC*HC:90834*175*25**1~DTM*472*20130807~CAS*CO*45*115~CAS*PR*3*35~REF*6R*00000000001~AMT*B6*60~CLP*0*1*350*70*50*13*EVAA78W010000*11~NM1*QC*1*MATREO*GINA~NM1*IL*1*MATTEO*NICK****MI*W188541718~NM1*82*1*HURT*DEBBIE****XX*1275694077~REF*1L*0100160-010-00001-OA~REF*CE*AETNA CHOICE  POS II NET 01449~DTM*050*20130820~DTM*232*20130807~DTM*233*20130814~PER*CX**TE*8886323862~AMT*AU*350~SVC*HC:90834*175*35**1~DTM*472*20130807~CAS*CO*45*115~CAS*PR*3*25~REF*6R*00000000001~AMT*B6*60~SVC*HC:90834*175*35**1~DTM*472*20130814~CAS*CO*45*115~CAS*PR*3*25~REF*6R*00000000002~AMT*B6*60~CLP*0*1*175*45*15*13*EXJK78VCN0000*11~NM1*QC*1*WATSON*KATRINA~NM1*IL*1*WATSON*KATRINA****MI*820230237~NM1*74*1***M***C*W177576366~NM1*82*1*HURT*DEBBIE****XX*1275694077~REF*1L*0326475-010-00155-AB~REF*CE*AETNA CHOICE  POS II NET 01449~DTM*050*20130819~DTM*232*20130807~DTM*233*20130807~PER*CX**TE*8886323862~AMT*AU*175~SVC*HC:90834*175*45**1~DTM*472*20130807~CAS*CO*45*115~CAS*PR*3*15~REF*6R*00000000001~AMT*B6*60~LX*5~TS3*1457686560*11*20131231*1*175~CLP*0*1*175*45*15*13*EXAA78WZ20000*11~NM1*QC*1*VANDERBEEK*JOHN*R~NM1*IL*1*CROFTS*FRANCIS****MI*W142202122~NM1*74*1**FRANCES*G~NM1*82*1*HOUSER*MEGAN****XX*1972844751~REF*1L*0701087-022-00003-UA~REF*CE*AETNA CHOICE  POS II NET 01449~DTM*050*20130820~DTM*232*20130805~DTM*233*20130805~PER*CX**TE*8886323862~AMT*AU*175~SVC*HC:90834*175*45**1~DTM*472*20130805~CAS*CO*45*115~CAS*PR*3*15~REF*6R*00000000001~AMT*B6*60~SE*363*0001~ST*835*0002~BPR*I*263*C*ACH*CCP*01*031100209*DA*0000009108*1066033492**01*031201360*DA*7869322623*20130903~TRN*1*813239520000433*1066033492~REF*EV*330897513~DTM*405*20130828~N1*PR*AETNA~N3*151 FARMINGTON AVENUE~N4*HARTFORD*CT*06156~PER*BL*PROVIDER SERVICE~N1*PE*CENTER FOR PSYCHOLOGICAL SERVICES OF SOMERSET COUN*XX*1457686560~N3*491 AMWELL RD STE 103~N4*HILLSBOROUGH*NJ*088448212~REF*PQ*149850620~REF*TJ*263895688~LX*1~TS3*1457686560*11*20131231*1*175~CLP*0*1*175*73**13*EHYZ8K4P10000*11~NM1*QC*1*FRANK*JULIE~NM1*IL*1*FRANK*JULIE****MI*BBTC0TTA~NM1*74*1******C*W201436519~NM1*82*1*DEMARZO*LAURA****XX*1255372603~REF*1L*0837222-017-00003-GA~DTM*050*20130805~DTM*232*20130716~DTM*233*20130716~PER*CX**TE*8886323862~AMT*AU*175~SVC*HC:90834*175*73**1~DTM*472*20130716~CAS*CO*45*102~REF*6R*00000000001~AMT*B6*73~LX*2~TS3*1457686560*11*20131231*1*150~CLP*0*1*150*60**13*EFFA8XH8P0000*11~NM1*QC*1*MORY*DAVID~NM1*IL*1*MORY*DIANE****MI*W187130803~NM1*82*1*RITTER*LINDA****XX*1144599416~REF*1L*0307281-011-00001-AA~DTM*050*20130826~DTM*232*20130808~DTM*233*20130808~PER*CX**TE*8886323862~AMT*AU*150~SVC*HC:90834*150*60**1~DTM*472*20130808~CAS*CO*45*90~REF*6R*00000000001~AMT*B6*60~LX*3~TS3*1457686560*11*20131231*3*900~CLP*0*1*350*120**HM*EVJK79KT00000*11~NM1*QC*1*OMILIAN*CYNDI~NM1*IL*1*OMILIAN*CYNDI****MI*W200901252~NM1*74*1**FRANK*A**IV~NM1*82*1*HURT*DEBBIE****XX*1275694077~REF*1L*0582366-035-00000- A~REF*CE*HMO NET 01961~DTM*050*20130820~DTM*232*20130808~DTM*233*20130814~PER*CX**TE*8886323862~AMT*AU*350~SVC*HC:90834*175*60**1~DTM*472*20130808~CAS*CO*45*115~REF*6R*00000000001~AMT*B6*60~SVC*HC:90834*175*60**1~DTM*472*20130814~CAS*CO*45*115~REF*6R*00000000002~AMT*B6*60~CLP*0*1*375*0*170*13*EV3479VGQ0000*11~NM1*QC*1*LOZABA*RONNIE~NM1*IL*1*LOZABA*FLORA****MI*W104106883~NM1*74*1*LOZADA**A~NM1*82*1*HURT*DEBBIE****XX*1275694077~REF*1L*0882942-012-00001-FB~DTM*050*20130820~DTM*232*20130807~DTM*233*20130813~PER*CX**TE*8886323862~AMT*AU*375~SVC*HC:90791*200*0**1~DTM*472*20130807~CAS*CO*45*110~CAS*PR*1*90~REF*6R*00000000001~AMT*B6*90~SVC*HC:90834*175*0**1~DTM*472*20130813~CAS*CO*45*95~CAS*PR*1*80~REF*6R*00000000002~AMT*B6*80~CLP*0*1*175*10*50*HM*EXAA79CWS0000*11~NM1*QC*1*ASHFORTH*BARRY~NM1*IL*1*ASHFORTH*BARRY****MI*BBMQ0HJA~NM1*74*1***W***C*W199677401~NM1*82*1*HURT*DEBBIE****XX*1275694077~REF*1L*0576097-035-00000- B~REF*CE*HMO NET 01961~DTM*050*20130820~DTM*232*20130806~DTM*233*20130806~PER*CX**TE*8886323862~AMT*AU*175~SVC*HC:90834*175*10**1~DTM*472*20130806~CAS*CO*45*115~CAS*PR*3*50~REF*6R*00000000001~AMT*B6*60~SE*115*0002~ST*835*0003~BPR*I*33*C*ACH*CCP*01*055003201*DA*2000026932448*1522135463**01*031201360*DA*7869322623*20130828~TRN*1*146681*1522135463*IBC2~REF*EV*330897513~REF*F2*CAPS STL~DTM*405*20130828~N1*PR*MAGELLAN BEHAVIORAL HEALTH OF NEW JERSEY, LLC.~N3*P.O. BOX 1958~N4*MARYLAND HEIGHTS*MO*63043~PER*CX**TE*8006881911~PER*BL*MAGELLAN EDI*TE*3143875890~N1*PE*CENTER FOR PSYCHOLOGICAL SERVI*XX*1457686560~N3*491 AMWELL RD BLDG 1*STE 103~N4*HILLSBOROUGH*NJ*088448212~REF*TJ*263895688~LX*1~CLP*N/A*1*175*33*40*HM*113975625~NM1*QC*1*DEPAOLA*JILL****MI*152645749BG~NM1*IL*1*DEPAOLA*MICHAEL****MI*152645749BG~NM1*82*1*DEMARZO*LAURA****XX*1255372603~DTM*050*20130822~DTM*232*20130807~DTM*233*20130807~SVC*HC:90834*175*33**1~DTM*472*20130807~CAS*CO*45*102~CAS*PR*3*40~REF*HPI*1255372603~AMT*B6*73~SE*30*0003~ST*835*0004~BPR*H*0*C*NON************20130827~TRN*1*358918078*1205296137~REF*EV*1929361~DTM*405*20130826~N1*PR*NOVITAS SOLUTIONS, INC.~N3*PO BOX 3031~N4*MECHANICSBURG*PA*170551803~REF*2U*12402~PER*CX**TE*8772358073~PER*BL*NOVITAS SOLUTIONS, INC. EDI SERVICES*TE*8772358073*EX*1*EM*WEBSITEEDI@NOVITAS_SOLUTIONS.COM~N1*PE*EUNICE P. EUROPA*XX*1205985884~N3*28 MORRIS ROAD~N4*TENAFLY*NJ*076702427~REF*TJ*141305923~LX*1~CLP*156303340A*1*500*0**MB*0813224230070*11~NM1*QC*1*ST JOHN*CAROL*C***HN*156303340A~MOA***MA01~DTM*050*20130812~SVC*HC:90834*125*0**0**1~DTM*472*20130716~CAS*OA*18*125~REF*6R*LX#01~REF*LU*11~LQ*HE*N522~SVC*HC:90834*125*0**0**1~DTM*472*20130723~CAS*OA*18*125~REF*6R*LX#02~REF*LU*11~LQ*HE*N522~SVC*HC:90834*125*0**0**1~DTM*472*20130730~CAS*OA*18*125~REF*6R*LX#03~REF*LU*11~LQ*HE*N522~SVC*HC:90834*125*0**0**1~DTM*472*20130731~CAS*OA*18*125~REF*6R*LX#04~REF*LU*11~LQ*HE*N522~SE*45*0004~GE*4*151927839~IEA*1*151927839~
