ISA*00*          *00*          *ZZ*330897513      *ZZ*ASSOCIATEDBC   *130829*0842*U*00401*151927843*0*P*:~GS*HP*330897513*ASSOCIATEDBC*20130829*0842*151927843*X*004010X091A1~ST*835*0001~BPR*I*60.32*C*CHK************20130828~TRN*1*1151120104*1362739571*000036273~DTM*405*20130828~N1*PR*UNITED HEALTH CARE*XV*36273~N3*PO BOX 740819~N4*ATLANTA*GA*303740819~PER*CX*CUSTOMER SERVICE*TE*8002277789~N1*PE*MELNICK             DONNA*XX*1326112780~N3*405 OMNI DR~N4*HILLSBOROUGH*NJ*088444527~REF*TJ*204745931~LX*1~TS3*1326112780*11*20131231*1*600~CLP*155382230T*2*600*60.32**15*322122145241*11*1~NM1*QC*1*BAKER*EDGAR*C***MI*03270001011~DTM*050*20130809~DTM*232*20130328~DTM*233*20130523~AMT*AU*172.34~SVC*HC:90834*150*30.16**0~DTM*472*20130328~CAS*CO*23*119.84~REF*6R*LX#01~AMT*B6*86.17~SVC*HC:90834*150*30.16**0~DTM*472*20130411~CAS*CO*23*119.84~REF*6R*LX#02~AMT*B6*86.17~SVC*HC:90834*150*0**0~DTM*472*20130509~CAS*OA*204*150~REF*6R*LX#03~SVC*HC:90834*150*0**0~DTM*472*20130523~CAS*OA*204*150~REF*6R*LX#04~SE*39*0001~GE*1*151927843~IEA*1*151927843~
