ISA*00*          *00*          *ZZ*330897513      *ZZ*ASSOCIATEDBC   *130830*0803*U*00401*152071258*0*P*:~GS*HP*330897513*ASSOCIATEDBC*20130830*0803*152071258*X*004010X091A1~ST*835*0001~BPR*I*94*C*ACH*CCP*01*031100225*DA*2079950064280/*1220999690**01*231372691*DA*0181143836*20130827~TRN*1*0004132988*1220999690*8352013082802460770~REF*EV*1902991391~DTM*405*20130827~N1*PR*HORIZON BCBSNJ~N3*PAYOR ADDRESS 1~N4*NEWARK*NJ*071010420~REF*2U*22099~N1*PE*M M WIESE WAIBEL LCSW*XX*1902991391~N3*800 RARITAN RD~N4*CLARK*NJ*070661710~REF*PQ*2621359190~REF*TJ*262135919~LX*1~CLP*31200A130820*1*125*49*20*12*780261323471365   00**1~NM1*QC*1*PRIBUSH*KATHLEEN****MI*DZVAN4492387~NM1*IL*1*PRIBUSH*JEFF****MI*DZVAN4492387~NM1*82*2*M M WIESE WAIBEL LCSW*****XX*1902991391~DTM*050*20130822~DTM*232*20130807~DTM*233*20130807~AMT*AU*69~AMT*T2*49~SVC*HC:99199*125*49**1*HC:90834~DTM*472*20130807~CAS*PR*3*20~CAS*CO*45*56~REF*6R*0~REF*HPI*1902991391~AMT*B6*69~CLP*3HZN15469020*1*125*45*15*13*780271323582146   00**1~NM1*QC*1*MONDI*NICHOL****MI*NJX3HZN15469020~NM1*IL*1*MONDI*FREDERICK****MI*3HZN154690200~NM1*74*1*MONDI*FREDERICK*B***C*3HZN154690200~NM1*82*2*M M WIESE WAIBEL LCSW*****XX*1902991391~DTM*050*20130823~DTM*232*20130624~DTM*233*20130624~PER*CX*NJ DIRECT*TE*8006241110~AMT*AU*60~AMT*T2*45~SVC*HC:99199*125*45**1*HC:90834~DTM*472*20130624~CAS*PR*3*15~CAS*CO*45*65~REF*6R*1023HZN15469020~REF*HPI*1902991391~AMT*B6*60~SE*50*0001~ST*835*0002~BPR*I*105*C*CHK************20130827~TRN*1*0061972961*1220999690*8352013082803213738~REF*EV*1477603942~DTM*405*20130827~N1*PR*HORIZON BCBSNJ~N3*PAYOR ADDRESS 1~N4*NEWARK*NJ*071010420~REF*2U*22099~N1*PE*K G WAY PHD*XX*1477603942~N3*38 JUNIPER LN~N4*PISCATAWAY*NJ*088545632~REF*PQ*2645237360~REF*TJ*264523736~LX*1~CLP*38200A130820*1*150*105*45*12*780261323464669   00**1~NM1*QC*1*AHAMMAD*NAUREEN****MI*DUG3HZN33652130~NM1*IL*1*AHAMMAD*MOHAMMED T.****MI*3HZN336521300~NM1*74*1*AHAMMAD*MOHAMMED*T***C*3HZN336521300~NM1*82*2*K G WAY PHD*****XX*1477603942~DTM*050*20130822~DTM*232*20130813~DTM*233*20130813~PER*CX*NATIONAL ACCOUNTS SERVICED IN MT.LAUREL*TE*8006244758~AMT*AU*150~AMT*T2*105~SVC*HC:99199*150*105**1*HC:90834~DTM*472*20130813~CAS*PR*2*45~REF*6R*0~REF*HPI*1477603942~AMT*B6*150~SE*33*0002~ST*835*0003~BPR*I*44*C*ACH*CCP*01*031100225*DA*2079950064280/*1220999690**01*021202337*DA*822183885*20130827~TRN*1*0004133260*1220999690*8352013082802591803~REF*EV*1588960942~DTM*405*20130827~N1*PR*HORIZON BCBSNJ~N3*PAYOR ADDRESS 1~N4*NEWARK*NJ*071010420~REF*2U*22099~N1*PE*LEGACY CONSULTING LLC*XX*1588960942~N3*18 WALLACE ST~N4*RED BANK*NJ*077011857~REF*PQ*2712946760~REF*TJ*271294676~LX*1~CLP*30600A130819*1*125*44*25*12*780261323366774   00**1~NM1*QC*1*LYLES*MALIA****MI*YLK82373934~NM1*82*2*LEGACY CONSULTING LLC*****XX*1588960942~DTM*050*20130821~DTM*232*20130801~DTM*233*20130801~AMT*AU*69~AMT*T2*44~SVC*HC:99199*125*44**1*HC:90834~DTM*472*20130801~CAS*PR*3*25~CAS*CO*45*56~REF*6R*0~REF*HPI*1588960942~AMT*B6*69~SE*31*0003~ST*835*0004~BPR*H*0*C*NON************20130828~TRN*1*QK00650936*1411289245*000087726~DTM*405*20130828~N1*PR*UNITED HEALTHCARE INSURANCE COMPANY*XV*87726~N3*SPRINGFIELD SERVICE CENTER*P O BOX 740800~N4*ATLANTA*GA*303740800~REF*2U*87726~PER*CX*SPRINGFIELD SERVICE CENTER*TE*8778423210~N1*PE*CYNTHIA MARY BRATMAN*XX*1184788275~N3*20 NASSAU ST STE 209~N4*PRINCETON*NJ*085420000~REF*TJ*200286572~LX*1~TS3*1184788275*11*20131231*1*175~CLP*0*1*175*0*175*13*4242603681 0007933069*11~NM1*QC*1*WALSON*MARGAUX~NM1*IL*1*WALSON*ERIKJAN****MI*967679569~REF*1L*716913~REF*CE*CHOYC+~DTM*050*20130816~DTM*232*20130701~AMT*AU*92.24~SVC*HC:90834*175*0**1~DTM*472*20130701~CAS*PR*1*92.24**45*82.76~REF*6R*001~AMT*B6*92.24~SE*29*0004~GE*4*152071258~IEA*1*152071258~
