ISA*00*          *00*          *ZZ*330897513      *ZZ*ASSOCIATEDBC   *130831*0435*U*00401*152191414*0*P*:~GS*HP*330897513*ASSOCIATEDBC*20130831*0435*152191414*X*004010X091A1~ST*835*0001~BPR*I*146.5*C*CHK************20130828~TRN*1*0000063570*1391995276*CPJ992801102714~DTM*405*20130828~N1*PR*UMR~N3*115 W WAUSAU AVE~N4*WAUSAU*WI*54402~REF*2U*39026~N1*PE*DANIEL EDELMAN*XX*1891744421~REF*TJ*203009626~LX*1~CLP*734749205*1*300*146.5*20*12*13221361446~NM1*QC*1*GAFFNEY*EDWARD~NM1*IL*1*GAFFNEY*EDWARD****MI*13705045~NM1*82*1*EDELMAN*DANIEL****XX*1629041165~REF*1L*76540030~SVC*HC:90834*150*73.25~DTM*472*20130717~CAS*CO*45*66.75~CAS*PR*3*10~REF*6R*081734749205~AMT*B6*83.25~SVC*HC:90834*150*73.25~DTM*472*20130731~CAS*CO*45*66.75~CAS*PR*3*10~REF*6R*082734749205~AMT*B6*83.25~SE*29*0001~ST*835*0002~BPR*I*89*C*ACH*CCP*01*031100225*DA*2079950064280/*1220999690**01*231372691*DA*0181143836*20130828~TRN*1*0004140476*1220999690*8352013082904210889~REF*EV*1902991391~DTM*405*20130828~N1*PR*HORIZON BCBSNJ~N3*PAYOR ADDRESS 1~N4*NEWARK*NJ*071010420~REF*2U*22099~N1*PE*M M WIESE WAIBEL LCSW*XX*1902991391~N3*800 RARITAN RD~N4*CLARK*NJ*070661710~REF*PQ*2621359190~REF*TJ*262135919~LX*1~CLP*31300A130820*1*125*44*25*12*780271323443893   00**1~NM1*QC*1*KOVATCH*LISA****MI*ROQ5052733500~NM1*82*2*M M WIESE WAIBEL LCSW*****XX*1902991391~DTM*050*20130822~DTM*232*20130807~DTM*233*20130807~AMT*AU*69~AMT*T2*44~SVC*HC:99199*125*44**1*HC:90834~DTM*472*20130807~CAS*PR*3*25~CAS*CO*45*56~REF*6R*0~REF*HPI*1902991391~AMT*B6*69~CLP*29400A130819*1*125*10*50*13*780261323374945   00**1~NM1*QC*1*RICKERT*SUSAN*M***MI*JGV3HZN04240760~NM1*IL*1*RICKERT*WILLIAM****MI*3HZN042407600~NM1*74*1*RICKERT*WILLIAM*L***C*3HZN042407600~NM1*82*2*M M WIESE WAIBEL LCSW*****XX*1902991391~DTM*050*20130821~DTM*232*20130806~DTM*233*20130806~PER*CX*ADVANTAGE EPO CAP*TE*8886662535~AMT*AU*60~AMT*T2*10~SVC*HC:99199*125*10**1*HC:90834~DTM*472*20130806~CAS*PR*3*50~CAS*CO*45*65~REF*6R*0~REF*HPI*1902991391~AMT*B6*60~CLP*29500A130819*1*125*35*25*13*780261323374944   00**1~NM1*QC*1*ORSINI*SUSAN*J***MI*HEF3HZN69937170~NM1*IL*1*ORSINI*NICHOLAS****MI*3HZN699371700~NM1*74*1*ORSINI*NICHOLAS*R***C*3HZN699371700~NM1*82*2*M M WIESE WAIBEL LCSW*****XX*1902991391~DTM*050*20130821~DTM*232*20130806~DTM*233*20130806~PER*CX*NATIONAL ACCOUNTS POS*TE*8006244758~AMT*AU*60~AMT*T2*35~SVC*HC:99199*125*35**1*HC:90834~DTM*472*20130806~CAS*PR*3*25~CAS*CO*45*65~REF*6R*0~REF*HPI*1902991391~AMT*B6*60~SE*67*0002~ST*835*0003~BPR*I*57*C*ACH*CCP*01*031100225*DA*2079950064280/*1220999690**01*021202337*DA*822183885*20130828~TRN*1*0004140835*1220999690*8352013082904492094~REF*EV*1588960942~DTM*405*20130828~N1*PR*HORIZON BCBSNJ~N3*PAYOR ADDRESS 1~N4*NEWARK*NJ*071010420~REF*2U*22099~N1*PE*LEGACY CONSULTING LLC*XX*1588960942~N3*18 WALLACE ST~N4*RED BANK*NJ*077011857~REF*PQ*2712946760~REF*TJ*271294676~LX*1~CLP*30900A130820*1*180*57*15*12*780281323503074   00**1~NM1*QC*1*THOMAS*RAYMOND****MI*IRD960626505~NM1*82*2*LEGACY CONSULTING LLC*****XX*1588960942~DTM*050*20130823~DTM*232*20130801~DTM*233*20130801~AMT*AU*72~AMT*T2*57~SVC*HC:90847*180*57**1~DTM*472*20130801~CAS*PR*3*15~CAS*CO*45*108~REF*6R*31430900A130820~REF*HPI*1588960942~AMT*B6*72~SE*31*0003~GE*3*152191414~IEA*1*152191414~
