ISA*00*          *00*          *ZZ*330897513      *ZZ*ASSOCIATEDBC   *130831*0435*^*00501*152191413*0*P*:~GS*HP*330897513*ASSOCIATEDBC*20130831*0435*152191413*X*005010X221A1~ST*835*0001~BPR*H*0*C*NON************20130829~TRN*1*20130828106010310EZPS0*1591031071~REF*EV*562291693~REF*F2*GWFC~DTM*405*20130828~N1*PR*GREATWESTHEALTHCARE-CIGNA~N3*8505 E. ORCHARD RD~N4*GREENWOOD VILLAGE*CO*80111~REF*2U*80705~PER*BL*HP*EM*CLAIMS.INTAKE.APP.SUPPORT@HP.COM~PER*IC**UR*WWW.CIGNAFORHCP.COM~PER*CX*GWHC_EDIPROD*EM*GWHC_EDIPROD@CIGNA.COM*TE*3035665635~N1*PE*LAURA DEMARZO*XX*1457686560~N3*491 AMWELL RD*STE 103~N4*HILLSBOROUGH*NJ*08844~REF*PQ*200005762617~REF*TJ*263895688~LX*0~CLP*NOT GIVEN*1*175*0*73.98*13*130538963400*11~NM1*QC*1*HUBER*JUDITH****MI*10142595900~REF*1L*00606833~REF*CE*OPEN ACCESS PLUS~DTM*050*20130822~AMT*AU*73.98~SVC*HC:90834*175*0**1~DTM*472*20130816~CAS*CO*45*101.02~CAS*PR*1*73.98~REF*APC*0~AMT*B6*73.98~SE*32*0001~GE*1*152191413~IEA*1*152191413~
