ISA*00*          *00*          *ZZ*330897513      *ZZ*ASSOCIATEDBC   *130902*1306*U*00401*152268067*0*P*:~GS*HP*330897513*ASSOCIATEDBC*20130902*1306*152268067*X*004010X091A1~ST*835*0001~BPR*I*40*C*CHK************20130829~TRN*1*OD40523004*1411289245*000087726~DTM*405*20130829~N1*PR*UNITED HEALTHCARE INSURANCE COMPANY*XV*87726~N3*EMPIRE MHSA SERVICE CENTER*PO BOX 5190~N4*KINGSTON*NY*124025190~REF*2U*87726~PER*CX*EMPIRE MHSA SERVICE CENTER*TE*8777697447~N1*PE*NANCY SAXTON LOPEZ*XX*1053490193~N3*6 PROSPECT ST STE 3B~N4*MIDLAND PARK*NJ*074320000~REF*TJ*096386775~LX*1~TS3*1053490193*11*20131231*1*125~CLP*739982500*1*125*40*20*12*4241540645 0284056921*11~NM1*QC*1*MORRIS*LINDA~NM1*IL*1*MORRIS*LINDA****MI*890149798~NM1*74*1*MORRIS*L*B~REF*1L*715116~REF*CE*OPT PPO~REF*G1*97NL8W-01 (OPTU~DTM*050*20130820~DTM*232*20130730~AMT*AU*125~SVC*HC:90834*125*40**1~DTM*472*20130730~CAS*CO*45*65~CAS*PR*3*20~REF*6R*149739982500~AMT*B6*60~SE*32*0001~ST*835*0002~BPR*I*200*C*CHK************20130829~TRN*1*0062010438*1220999690*8352013083006474246~REF*EV*1467635987~DTM*405*20130829~N1*PR*HORIZON BCBSNJ~N3*PAYOR ADDRESS 1~N4*NEWARK*NJ*071010420~REF*2U*22099~N1*PE*H K LOPES LPC*XX*1467635987~N3*77 N MAIN ST~N4*MILLTOWN*NJ*088501521~REF*PQ*4540820350~REF*TJ*454082035~LX*1~CLP*21100A130816*1*125*35*25*13*780261323368214   00**1~NM1*QC*1*PINO*AIXA****MI*3HZN437980900~NM1*74*1*PINO*AIXA*C***C*YHP3HZN43798090~NM1*82*2*H K LOPES LPC*****XX*1467635987~DTM*050*20130821~DTM*232*20130808~DTM*233*20130808~PER*CX*HORIZON BLUE CROSS BLUE SHIELD OF NEW JERSEY DIRECT ACCESS*TE*8006241110~AMT*AU*60~AMT*T2*35~SVC*HC:99199*125*35**1*HC:90834~DTM*472*20130808~CAS*PR*3*25~CAS*CO*45*65~REF*6R*0~REF*HPI*1467635987~AMT*B6*60~CLP*20100A130816*1*125*35*25*13*780261323382950   00**1~NM1*QC*1*PINO*AIXA****MI*3HZN437980900~NM1*74*1*PINO*AIXA*C***C*YHP3HZN43798090~NM1*82*2*H K LOPES LPC*****XX*1467635987~DTM*050*20130821~DTM*232*20130801~DTM*233*20130801~PER*CX*HORIZON BLUE CROSS BLUE SHIELD OF NEW JERSEY DIRECT ACCESS*TE*8006241110~AMT*AU*60~AMT*T2*35~SVC*HC:99199*125*35**1*HC:90834~DTM*472*20130801~CAS*PR*3*25~CAS*CO*45*65~REF*6R*0~REF*HPI*1467635987~AMT*B6*60~CLP*20600A130816*1*125*40*20*13*780261323367733   00**1~NM1*QC*1*REITER*AMANDA****MI*3HZN432568700~NM1*74*1*REITER*AMANDA*E***C*YHM3HZN43256870~NM1*82*2*H K LOPES LPC*****XX*1467635987~DTM*050*20130821~DTM*232*20130806~DTM*233*20130806~PER*CX*HORIZON BLUE CROSS BLUE SHIELD OF NEW JERSEY DIRECT ACCESS*TE*8006241110~AMT*AU*60~AMT*T2*40~SVC*HC:99199*125*40**1*HC:90834~DTM*472*20130806~CAS*PR*3*20~CAS*CO*45*65~REF*6R*0~REF*HPI*1467635987~AMT*B6*60~CLP*20900A130816*1*125*45*15*13*780261323367727   00**1~NM1*QC*1*VARGA*STEVEN****MI*3HZN796037900~NM1*74*1*VARGA*STEVEN*J***C*SNJ3HZN79603790~NM1*82*2*H K LOPES LPC*****XX*1467635987~DTM*050*20130821~DTM*232*20130807~DTM*233*20130807~PER*CX*STATE HEALTH BENEFITS PROGRAM HMO*TE*8006642583~AMT*AU*60~AMT*T2*45~SVC*HC:99199*125*45**1*HC:90834~DTM*472*20130807~CAS*PR*3*15~CAS*CO*45*65~REF*6R*0~REF*HPI*1467635987~AMT*B6*60~CLP*19800A130816*1*125*45*15*13*780261323385356   00**1~NM1*QC*1*VARGA*STEVEN****MI*3HZN796037900~NM1*74*1*VARGA*STEVEN*J***C*SNJ3HZN79603790~NM1*82*2*H K LOPES LPC*****XX*1467635987~DTM*050*20130821~DTM*232*20130731~DTM*233*20130731~PER*CX*STATE HEALTH BENEFITS PROGRAM HMO*TE*8006642583~AMT*AU*60~AMT*T2*45~SVC*HC:99199*125*45**1*HC:90834~DTM*472*20130731~CAS*PR*3*15~CAS*CO*45*65~REF*6R*0~REF*HPI*1467635987~AMT*B6*60~SE*101*0002~ST*835*0003~BPR*I*35*C*ACH*CCP*01*031100225*DA*2079950064280/*1220999690**01*231372691*DA*0181143836*20130829~TRN*1*0004148114*1220999690*8352013083005480864~REF*EV*1902991391~DTM*405*20130829~N1*PR*HORIZON BCBSNJ~N3*PAYOR ADDRESS 1~N4*NEWARK*NJ*071010420~REF*2U*22099~N1*PE*M M WIESE WAIBEL LCSW*XX*1902991391~N3*800 RARITAN RD~N4*CLARK*NJ*070661710~REF*PQ*2621359190~REF*TJ*262135919~LX*1~CLP*30700A130820*1*125*35*25*13*780271323435997   00**1~NM1*QC*1*GRANT*MACY****MI*HSE3HZN63444600~NM1*IL*1*MOUNT*TIMOTHY****MI*3HZN634446000~NM1*74*1*MOUNT*TIMOTHY*S***C*3HZN634446000~NM1*82*2*M M WIESE WAIBEL LCSW*****XX*1902991391~DTM*050*20130822~DTM*232*20130807~DTM*233*20130807~PER*CX*NATIONAL ACCOUNTS POS*TE*8006244758~AMT*AU*60~AMT*T2*35~SVC*HC:99199*125*35**1*HC:90834~DTM*472*20130807~CAS*PR*3*25~CAS*CO*45*65~REF*6R*0~REF*HPI*1902991391~AMT*B6*60~SE*34*0003~ST*835*0004~BPR*I*55.2*C*ACH*CCP*01*031100225*DA*2079950064280/*1220999690**01*021202337*DA*822183885*20130830~TRN*1*0004155413*1220999690*8352013083103561879~REF*EV*1588960942~DTM*405*20130830~N1*PR*HORIZON BCBSNJ~N3*PAYOR ADDRESS 1~N4*NEWARK*NJ*071010420~REF*2U*22099~N1*PE*LEGACY CONSULTING LLC*XX*1588960942~N3*18 WALLACE ST~N4*RED BANK*NJ*077011857~REF*PQ*2712946760~REF*TJ*271294676~LX*1~CLP*30400A130819*1*125*55.2*13.8*13*780271323368071   00**1~NM1*QC*1*BLUME*SAMANTHA****MI*3HZN371688001~NM1*74*1*BLUME*SAMANTHA*A***C*NJX3HZN37168800~NM1*82*2*LEGACY CONSULTING LLC*****XX*1588960942~DTM*050*20130821~DTM*232*20130731~DTM*233*20130731~PER*CX*NJ DIRECT*TE*8006241110~AMT*AU*69~AMT*T2*55.2~SVC*HC:99199*125*55.2**1*HC:90834~DTM*472*20130731~CAS*PR*2*13.8~CAS*CO*45*56~REF*6R*0~REF*HPI*1588960942~AMT*B6*69~SE*33*0004~ST*835*0005~BPR*I*114*C*CHK************20130830~TRN*1*04901984*1135511997*13551~REF*EV*133052274~DTM*405*20130830~N1*PR*GROUP HEALTH INC*XV*135511997~N3*441 NINTH AVE~N4*NEW YORK*NY*10001~REF*2U*13551~REF*EO*13551~N1*PE*DANIEL EDELMAN PSYD PC*XX*9999999995~N3*13 EAGLE TER~N4*WEST ORANGE*NJ*070525006~REF*PQ*7350953~REF*TJ*203009626~LX*1~CLP*743424307*1*175*64*15*12*EMC9051848*11~NM1*QC*1*TRINCHER*RONEN****MI*930919742~NM1*IL*1*TRINCHER*RONEN****MI*930919742~NM1*82*1*EDELMAN*DANIEL****XX*1629041165~REF*G2*7350956~DTM*050*20130828~DTM*232*20130823~DTM*233*20130823~SVC*HC:90791*175*64**1~DTM*472*20130823~CAS*CO*45*96~CAS*PR*3*15~REF*6R*447743424307~AMT*B6*79~CLP*743305554*1*150*50*15*12*EMC9051847*11~NM1*QC*1*MERCEDES*ENMANUEL****MI*932141825~NM1*IL*1*MERCEDES*EMMANUEL****MI*932141825~NM1*82*1*EDELMAN*DANIEL****XX*1629041165~REF*G2*7350956~DTM*050*20130828~DTM*232*20130822~DTM*233*20130822~SVC*HC:90834*150*50**1~DTM*472*20130822~CAS*CO*45*85~CAS*PR*3*15~REF*6R*622743305554~AMT*B6*65~SE*45*0005~ST*835*0006~BPR*I*80*C*CHK************20130830~TRN*1*04894382*1135511997*13551~REF*EV*133052274~DTM*405*20130830~N1*PR*GROUP HEALTH INC*XV*135511997~N3*441 NINTH AVE~N4*NEW YORK*NY*10001~REF*2U*13551~REF*EO*13551~N1*PE*DANIEL EDELMAN PSYD PC*XX*9999999995~N3*13 EAGLE TER~N4*WEST ORANGE*NJ*070525006~REF*PQ*7350953~REF*TJ*203009626~LX*1~CLP*743305505*1*300*80*50*12*EMC9051846*11~NM1*QC*1*BHISE*VIJAY*S***MI*932212025~NM1*IL*1*BHISE*SEENA****MI*932212025~NM1*82*1*EDELMAN*DANIEL****XX*1629041165~REF*G2*7350956~DTM*050*20130828~DTM*232*20130809~DTM*233*20130820~SVC*HC:90834*150*40**1~DTM*472*20130809~CAS*CO*45*85~CAS*PR*3*25~REF*6R*576743305505~AMT*B6*65~SVC*HC:90834*150*40**1~DTM*472*20130820~CAS*CO*45*85~CAS*PR*3*25~REF*6R*577743305505~AMT*B6*65~SE*37*0006~GE*6*152268067~IEA*1*152268067~
