ISA*00*          *00*          *ZZ*330897513      *ZZ*ASSOCIATEDBC   *130902*1306*^*00501*152268066*0*P*:~GS*HP*330897513*ASSOCIATEDBC*20130902*1306*152268066*X*005010X221A1~ST*835*0001~BPR*I*265*C*ACH*CCP*01*031100209*DA*0038865237*1066033492**01*031201360*DA*7869322623*20130905~TRN*1*160830130018845*1066033492~REF*EV*330897513~DTM*405*20130831~N1*PR*AETNA~N3*151 FARMINGTON AVENUE~N4*HARTFORD*CT*06156~PER*BL*PROVIDER SERVICE~N1*PE*CENTER FOR PSYCHOLOGICAL SERVIC*XX*1457686560~N3*491 AMWELL RD STE 103~N4*HILLSBOROUGH*NJ*088448212~REF*PQ*149850620~REF*TJ*263895688~LX*1~TS3*1275694077*11*20131231*5*1075~CLP*0000001*1*175*50*10*HM*1308200932060000*11~NM1*QC*1*MARTZ*MARILYN~NM1*IL*1*MARTZ*MARILYN****MI*BBJ2MX0A~NM1*82*2*CENTER FOR PSYCHOLOGICAL SERVIC*****XX*1275694077~REF*1L*01404E-195~REF*CE*NJ EMPLOYEE PLAN NET 01961~DTM*050*20130820~DTM*232*20130806~DTM*233*20130806~PER*CX**TE*8006240756~AMT*AU*175~SVC*HC:90834*175*50**1~DTM*472*20130806~CAS*CO*45*115~CAS*PR*3*10~REF*6R*00000000001~AMT*B6*60~LQ*HE*N59~CLP*0000001*1*175*25*35*HM*1308200932080000*11~NM1*QC*1*MCNEIL*ELIZABETH~NM1*IL*1*MCNEIL*DOUGLAS****MI*BBJ9SMCC~NM1*82*2*CENTER FOR PSYCHOLOGICAL SERVIC*****XX*1275694077~REF*1L*00340A-005~REF*CE*FED EMPLOYEE PLAN NET 01961~DTM*050*20130820~DTM*232*20130808~DTM*233*20130808~PER*CX**TE*8006240756~AMT*AU*175~SVC*HC:90834*175*25**1~DTM*472*20130808~CAS*CO*45*115~CAS*PR*3*35~REF*6R*00000000001~AMT*B6*60~LQ*HE*N59~CLP*0000001*1*350*90*30*HM*1308200932140000*11~NM1*QC*1*DOWDELL*PHILLIP~NM1*IL*1*DOWDELL*PHILLIP****MI*BBM99BYA~NM1*82*2*CENTER FOR PSYCHOLOGICAL SERVIC*****XX*1275694077~REF*1L*01406E-046~REF*CE*NJ EMPLOYEE PLAN NET 01961~DTM*050*20130820~DTM*232*20130806~DTM*233*20130813~PER*CX**TE*8006240756~AMT*AU*350~SVC*HC:90834*175*45**1~DTM*472*20130806~CAS*CO*45*115~CAS*PR*3*15~REF*6R*00000000001~AMT*B6*60~LQ*HE*N59~SVC*HC:90834*175*45**1~DTM*472*20130813~CAS*CO*45*115~CAS*PR*3*15~REF*6R*00000000002~AMT*B6*60~LQ*HE*N59~CLP*0000001*1*200*50*20*HM*1308200932240000*11~NM1*QC*1*KORZIN*ALAN~NM1*IL*1*KORZIN*ALAN****MI*BBNBH4HC~NM1*74*1**EVAN*G~NM1*82*2*CENTER FOR PSYCHOLOGICAL SERVIC*****XX*1275694077~REF*1L*00379A-C10~REF*CE*PATRIOT XV PLAN NET 01961~DTM*050*20130820~DTM*232*20130814~DTM*233*20130814~PER*CX**TE*8006240756~AMT*AU*200~SVC*HC:90791*200*50**1~DTM*472*20130814~CAS*CO*45*130~CAS*PR*3*20~REF*6R*00000000001~AMT*B6*70~LQ*HE*N59~CLP*0000001*1*175*50*10*HM*1308200932260000*11~NM1*QC*1*LUCK*MEREDITH~NM1*IL*1*LUCK*JOHN****MI*BBLV6BJA~NM1*74*1***H***C*BBLV6BJC~NM1*82*2*CENTER FOR PSYCHOLOGICAL SERVIC*****XX*1275694077~REF*1L*01404E-208~REF*CE*NJ EMPLOYEE PLAN NET 01961~DTM*050*20130820~DTM*232*20130813~DTM*233*20130813~PER*CX**TE*8006240756~AMT*AU*175~SVC*HC:90834*175*50**1~DTM*472*20130813~CAS*CO*45*115~CAS*PR*3*10~REF*6R*00000000001~AMT*B6*60~LQ*HE*N59~SE*116*0001~GE*1*152268066~IEA*1*152268066~
