ISA*00*          *00*          *ZZ*330897513      *ZZ*ASSOCIATEDBC   *130903*0623*^*00501*152314793*0*P*:~GS*HP*330897513*ASSOCIATEDBC*20130903*0623*152314793*X*005010X221A1~ST*835*0001~BPR*I*30*C*CHK************20130830~TRN*1*704669568*1411648670~REF*EV*870426777~REF*F2*1~DTM*405*20130831~N1*PR*CIGNA BEHAVIORAL HEALTH INC.~N3*P.O. BOX 182223~N4*CHATTANOOGA*TN*374227223~PER*BL*HP*EM*CLAIMS.INTAKE.APP.SUPPORT@HP.COM~PER*IC**UR*WWW.CIGNAFORHCP.COM~N1*PE*DEBRA D CHATMAN-FINLEY MS*XX*1346469632~N3*134 W END AVE # 2~N4*SOMERVILLE*NJ*088761816~REF*TJ*264224733~LX*1~CLP*49600A130827*1*150*30*40*13*9681324193913*11*1~NM1*QC*1*DRURY*SHANNON****MI*U4622015101~NM1*82*1*CHATMAN-FINLEY*DEBRA*D***FI*264224733~REF*1L*3332472~REF*CE*OPEN ACCESS PLUS~DTM*050*20130828~DTM*232*20130816~DTM*233*20130816~PER*CX*MEMBER SERVICES*TE*8002446224~AMT*AU*70~SVC*HC:90834*150*30**1~CAS*CO*45*80~CAS*PR*3*40~REF*6R*0~AMT*B6*70~SE*32*0001~ST*835*0002~BPR*I*147*C*CHK************20130903~TRN*1*09822-011410039*1066033492~REF*EV*330897513~DTM*405*20130903~N1*PR*AETNA~N3*151 FARMINGTON AVENUE~N4*HARTFORD*CT*06156~PER*BL*PROVIDER SERVICE~N1*PE*CHATMAN-FINLEY, DEBRA D*XX*1346469632~N3*134 W END AVE FL 2~N4*SOMERVILLE*NJ*088761816~REF*PQ*183005000~REF*TJ*264224733~LX*1~TS3*1346469632*11*20131231*2*300~CLP*48900A130827*1*150*77.7*72.3*13*EBFA8ZBWM0000*11*1~NM1*QC*1*PASKE*TARA~NM1*IL*1*PASKE*MARK****MI*W17941436703~NM1*74*1******C*W179414367~NM1*82*1*CHATMAN-FINLEY*DEBRA*D***XX*1346469632~REF*1L*0307138-010-00005-MA~DTM*050*20130828~DTM*232*20130815~DTM*233*20130815~PER*CX**TE*8886323862~AMT*AU*150~SVC*HC:90847*150*77.7**1~DTM*472*20130815~CAS*PR*2*33.3**45*39~AMT*B6*111~LQ*HE*N130~CLP*50300A130827*1*150*69.3*80.7*13*EBPA8X8HW0000*11*1~NM1*QC*1*PASKE*TARA~NM1*IL*1*PASKE*MARK****MI*W17941436703~NM1*74*1******C*W179414367~NM1*82*1*CHATMAN-FINLEY*DEBRA*D***XX*1346469632~REF*1L*0307138-010-00005-MA~DTM*050*20130828~DTM*232*20130821~DTM*233*20130821~PER*CX**TE*8886323862~AMT*AU*150~SVC*HC:90834*150*69.3**1~DTM*472*20130821~CAS*PR*2*29.7**45*51~AMT*B6*99~LQ*HE*N130~SE*49*0002~ST*835*0003~BPR*I*137.55*C*CHK************20130903~TRN*1*08325-093237839*1066033492~REF*EV*330897513~DTM*405*20130903~N1*PR*AETNA~N3*151 FARMINGTON AVENUE~N4*HARTFORD*CT*06156~PER*BL*PROVIDER SERVICE~N1*PE*CHATMAN-FINLEY, DEBRA D*XX*1346469632~N3*134 W END AVE FL 2~N4*SOMERVILLE*NJ*088761816~REF*PQ*183005000~REF*TJ*264224733~LX*1~TS3*1346469632*11*20131231*2*300~CLP*48700A130827*1*150*68.25*81.75*13*EATV8ZHK30000*11*1~NM1*QC*1*HAHN*KRISTINA~NM1*IL*1*HAHN*DEBRA****MI*W075948199~NM1*82*1*CHATMAN-FINLEY*DEBRA*D***XX*1346469632~REF*1L*0100462-042-00004-PX~DTM*050*20130828~DTM*232*20130814~DTM*233*20130814~PER*CX**TE*8886323862~AMT*AU*150~SVC*HC:90834*150*68.25**1~DTM*472*20130814~CAS*PR*2*36.75**45*45~AMT*B6*105~LQ*HE*N130~CLP*50400A130827*1*150*69.3*80.7*13*EBYZ8ZNJL0000*11*1~NM1*QC*1*KEITH-WILSON*KENYAU****MI*W187952608~NM1*82*1*CHATMAN-FINLEY*DEBRA*D***XX*1346469632~REF*1L*0811305-020-00001- I~DTM*050*20130828~DTM*232*20130822~DTM*233*20130822~PER*CX**TE*8886323862~AMT*AU*150~SVC*HC:90834*150*69.3**1~DTM*472*20130822~CAS*PR*2*29.7**45*51~AMT*B6*99~LQ*HE*N130~SE*46*0003~GE*3*152314793~IEA*1*152314793~
