ISA*00*          *00*          *ZZ*330897513      *ZZ*ASSOCIATEDBC   *130903*2320*U*00401*152434299*0*P*:~GS*HP*330897513*ASSOCIATEDBC*20130903*2320*152434299*X*004010X091A1~ST*835*0001~BPR*I*49*C*CHK************20130830~TRN*1*156664716*1220999690*22099~DTM*405*20130830~N1*PR*HORIZON BCBSNJ~N3*3 PENN PLAZA~N4*NEWARK*NJ*071010420~REF*2U*22099~PER*CX**TE*8883349242~N1*PE*M M WIESE WAIBEL LCSW*XX*1902991391~N3*800 RARITAN ROAD~N4*CLARK*NJ*070661710~REF*TJ*262135919~LX*1~CLP*R58551940*1*125*49*20*12*26132358452600780*11*1~NM1*QC*1*LIHOU*MARY****MI*R58551940~DTM*050*20130823~DTM*232*20130624~AMT*AU*69~SVC*HC:90834*125*49**1~DTM*472*20130624~CAS*PR*2*20~CAS*CO*45*56~REF*6R*015R58551940~AMT*B6*69~SE*26*0001~ST*835*0002~BPR*I*96.6*C*ACH*CCP*01*031100225*DA*2079950064280/*1220999690**01*021202337*DA*822183885*20130831~TRN*1*0004162734*1220999690*8352013090201061950~REF*EV*1588960942~DTM*405*20130831~N1*PR*HORIZON BCBSNJ~N3*PAYOR ADDRESS 1~N4*NEWARK*NJ*071010420~REF*2U*22099~N1*PE*LEGACY CONSULTING LLC*XX*1588960942~N3*18 WALLACE ST~N4*RED BANK*NJ*077011857~REF*PQ*2712946760~REF*TJ*271294676~LX*1~CLP*32600A130820*1*125*48.3*20.7*13*780261323462095   00**1~NM1*QC*1*FROTTON*RENEE****MI*NJX3HZN10566470~NM1*82*2*LEGACY CONSULTING LLC*****XX*1588960942~DTM*050*20130822~DTM*232*20130731~DTM*233*20130731~PER*CX*NJ DIRECT*TE*8006241110~AMT*AU*69~AMT*T2*48.3~SVC*HC:99199*125*48.3**1*HC:90834~DTM*472*20130731~CAS*PR*2*20.7~CAS*CO*45*56~REF*6R*0~REF*HPI*1588960942~AMT*B6*69~CLP*31500A130820*1*125*48.3*20.7*13*780261323461437   00**1~NM1*QC*1*HERSCHENFELD*GREGORY*J***MI*NJX3HZN61960040~NM1*82*2*LEGACY CONSULTING LLC*****XX*1588960942~DTM*050*20130822~DTM*232*20130801~DTM*233*20130801~PER*CX*NJ DIRECT*TE*8006241110~AMT*AU*69~AMT*T2*48.3~SVC*HC:99199*125*48.3**1*HC:90834~DTM*472*20130801~CAS*PR*2*20.7~CAS*CO*45*56~REF*6R*0~REF*HPI*1588960942~AMT*B6*69~SE*48*0002~ST*835*0003~BPR*H*0*C*NON************20130831~TRN*1*0015494552*1220999690*8352013090201324079~REF*EV*1467635987~DTM*405*20130831~N1*PR*HORIZON BCBSNJ~N3*PAYOR ADDRESS 1~N4*NEWARK*NJ*071010420~REF*2U*22099~N1*PE*H K LOPES LPC*XX*1467635987~N3*77 N MAIN ST~N4*MILLTOWN*NJ*088501521~REF*PQ*4540820350~REF*TJ*454082035~LX*1~CLP*20500A130816*1*125*0*125*13*780261323367731   00**1~NM1*QC*1*STEINER*SARA****MI*NJX3HZN86113210~NM1*IL*1*STEINER*VICENZA****MI*3HZN861132100~NM1*74*1*STEINER*VINCENE*A***C*3HZN861132100~NM1*82*2*H K LOPES LPC*****XX*1467635987~DTM*050*20130821~DTM*232*20130806~DTM*233*20130806~PER*CX*NJ DIRECT*TE*8006241110~SVC*HC:99199*125*0**1*HC:90834~DTM*472*20130806~CAS*PR*22*125~REF*6R*0~REF*HPI*1467635987~CLP*19500A130816*1*125*0*125*13*780261323385981   00**1~NM1*QC*1*STEINER*SARA****MI*NJX3HZN86113210~NM1*IL*1*STEINER*VICENZA****MI*3HZN861132100~NM1*74*1*STEINER*VINCENE*A***C*3HZN861132100~NM1*82*2*H K LOPES LPC*****XX*1467635987~DTM*050*20130821~DTM*232*20130731~DTM*233*20130731~PER*CX*NJ DIRECT*TE*8006241110~SVC*HC:99199*125*0**1*HC:90834~DTM*472*20130731~CAS*PR*22*125~REF*6R*0~REF*HPI*1467635987~SE*44*0003~GE*3*152434299~IEA*1*152434299~
