ISA*00*          *00*          *ZZ*330897513      *ZZ*ASSOCIATEDBC   *130904*1728*U*00401*152544776*0*P*:~GS*HP*330897513*ASSOCIATEDBC*20130904*1728*152544776*X*004010X091A1~ST*835*0001~BPR*I*682.4*C*ACH*CCP*01*124384877*DA*1470858534*1411289245*000087726*01*031201360*DA*7869322623*20130905~TRN*1*1QG41794168*1411289245*000087726~DTM*405*20130830~N1*PR*UNITED HEALTHCARE INSURANCE COMPANY*XV*87726~N3*9900 BREN ROAD~N4*MINNETONKA*MN*553430000~REF*2U*87726~PER*CX*ATLANTA SERVICE CENTER*TE*8778423210~N1*PE*CENTER FOR PSYCHOLOGICAL SERVI*XX*1457686560~N3*491 AMWELL RD STE 103~N4*HILLSBOROUGH*NJ*088440000~REF*TJ*263895688~LX*1~TS3*1457686560*11*20131231*6*1950~CLP*0*1*350*116.5*50*13*4247062539 0127047304*11~NM1*QC*1*HUMMEL*JEAN~NM1*IL*1*HUMMEL*EDWARD****MI*902302262~NM1*74*1*HUMMEL*EDWARD*M~NM1*82*1*DEMARZO*LAURA****XX*1255372603~REF*1L*517000~REF*CE*CHOYC+~DTM*050*20130822~DTM*232*20130805~DTM*233*20130812~AMT*AU*350~SVC*HC:90834*175*58.25**1~DTM*472*20130805~CAS*CO*45*91.75~CAS*PR*3*25~REF*6R*001~AMT*B6*83.25~SVC*HC:90834*175*58.25**1~DTM*472*20130812~CAS*CO*45*91.75~CAS*PR*3*25~REF*6R*002~AMT*B6*83.25~CLP*0*1*350*141.52*24.98*13*4247062540 0016138270*11~NM1*QC*1*FESTA*CRISTINA~NM1*IL*1*FESTA*CRISTINA****MI*932935374~NM1*82*1*DEMARZO*LAURA****XX*1255372603~REF*1L*136572~REF*CE*CHOYC+~DTM*050*20130822~DTM*232*20130809~DTM*233*20130814~AMT*AU*350~SVC*HC:90834*175*70.76**1~DTM*472*20130809~CAS*CO*45*91.75~CAS*PR*2*12.49~REF*6R*001~AMT*B6*83.25~SVC*HC:90834*175*70.76**1~DTM*472*20130814~CAS*CO*45*91.75~CAS*PR*2*12.49~REF*6R*002~AMT*B6*83.25~CLP*0*1*175*63.25*20*13*4247062538 0085296873*11~NM1*QC*1*THOMPSON*KEVIN~NM1*IL*1*THOMPSON*KEVIN****MI*873955967~NM1*74*1*THOMPSON*KEVIN*H~NM1*82*1*DEMARZO*LAURA****XX*1255372603~REF*1L*183644~REF*CE*CHOYC+~DTM*050*20130822~DTM*232*20130815~AMT*AU*175~SVC*HC:90834*175*63.25**1~DTM*472*20130815~CAS*CO*45*91.75~CAS*PR*3*20~REF*6R*001~AMT*B6*83.25~CLP*0*1*175*53.25*30*13*4247062542 0017274972*11~NM1*QC*1*DUNNE*ERIC~NM1*IL*1*DUNNE*ERICA****MI*856648395~NM1*74*1*DUNN*ERICA~NM1*82*1*DEMARZO*LAURA****XX*1255372603~REF*1L*199637~REF*CE*SEL+POS~DTM*050*20130822~DTM*232*20130809~AMT*AU*175~SVC*HC:90834*175*53.25**1~DTM*472*20130809~CAS*CO*45*91.75~CAS*PR*3*30~REF*6R*001~AMT*B6*83.25~CLP*0*1*700*224.79*24.96*13*4247062541 0007439111*11~NM1*QC*1*EDELSTEIN*SARAH~NM1*IL*1*EDELSTEIN*MITCHELL****MI*901334631~NM1*74*1*EDELSTEIN*MITCHELL*L~NM1*82*1*DEMARZO*LAURA****XX*1255372603~REF*1L*702595~REF*CE*CHOYC+~DTM*050*20130822~DTM*232*20130805~DTM*233*20130815~AMT*AU*525~SVC*HC:90834*175*74.93**1~DTM*472*20130805~CAS*CO*45*91.75~CAS*PR*2*8.32~REF*6R*001~AMT*B6*83.25~SVC*HC:90834*175*74.93**1~DTM*472*20130812~CAS*CO*45*91.75~CAS*PR*2*8.32~REF*6R*002~AMT*B6*83.25~SVC*HC:90834*175*0**1~DTM*472*20130812~CAS*CO*119*175~REF*6R*003~LQ*HE*M53~SVC*HC:90834*175*74.93**1~DTM*472*20130815~CAS*CO*45*91.75~CAS*PR*2*8.32~REF*6R*004~AMT*B6*83.25~CLP*0*1*200*83.09*14.66*13*4251840242 0016144218*11~NM1*QC*1*FESTA*CRISTINA~NM1*IL*1*FESTA*CRISTINA****MI*932935374~NM1*82*1*DEMARZO*LAURA****XX*1255372603~REF*1L*136572~REF*CE*CHOYC+~DTM*050*20130821~DTM*232*20130731~AMT*AU*200~SVC*HC:90791*200*83.09**1~DTM*472*20130731~CAS*CO*45*102.25~CAS*PR*2*14.66~REF*6R*001~AMT*B6*97.75~SE*142*0001~GE*1*152544776~IEA*1*152544776~
