ISA*00*          *00*          *ZZ*330897513      *ZZ*ASSOCIATEDBC   *130904*1728*^*00501*152544775*0*P*:~GS*HP*330897513*ASSOCIATEDBC*20130904*1728*152544775*X*005010X221A1~ST*835*0001~BPR*I*81*C*ACH*CCP*01*011900445*DA*0000009046*1066033492**01*031201360*DA*7869322623*20130909~TRN*1*813246440000311*1066033492~REF*EV*330897513~DTM*405*20130904~N1*PR*AETNA~N3*151 FARMINGTON AVENUE~N4*HARTFORD*CT*06156~PER*BL*PROVIDER SERVICE~N1*PE*CENTER FOR PSYCHOLOGICAL SERVICES OF SOMERSET COUN*XX*1457686560~N3*491 AMWELL RD STE 103~N4*HILLSBOROUGH*NJ*088448212~REF*PQ*149850620~REF*TJ*263895688~LX*1~TS3*1457686560*11*20131231*1*150~CLP*0*1*150*0**13*E4YZ8F2F00000*11~NM1*QC*1*GIRI*RIA~NM1*IL*1*BHATTACHARYYA*SUCHARITA****MI*W183770480~NM1*82*1*MULVANERTON*MAUREEN****XX*1750568705~REF*1L*0479265-018-00001- A~DTM*050*20130830~DTM*232*20130615~DTM*233*20130615~PER*CX**TE*8886323862~SVC*HC:90834*150*0**0**1~DTM*472*20130615~CAS*CO*96*150*1~REF*6R*00000000001~LQ*HE*N56~LX*2~TS3*1457686560*11*20131231*2*300~CLP*0*1*150*0**13*E5AA8F2Y70000*11~NM1*QC*1*BURMAN*DIANE~NM1*IL*1*BURMAN*DAVID****MI*W461166667~NM1*82*1*RITTER*LINDA****XX*1144599416~REF*1L*0800215-018-00001- I~DTM*050*20130830~DTM*232*20130617~DTM*233*20130617~PER*CX**TE*8886323862~SVC*HC:90834*150*0**0**1~DTM*472*20130617~CAS*PI*18*150*1~REF*6R*00000000001~CLP*0*1*150*0**13*E5JK8F2C60000*11~NM1*QC*1*SUCHARITA*BHATTA*C~NM1*IL*1*SUCHARITA*BHATTA****MI*W183770480~NM1*74*1*BHATTACHARYYA*SUCHARITA~NM1*82*1*RITTER*LINDA****XX*1144599416~REF*1L*0479265-018-00001- A~DTM*050*20130830~DTM*232*20130615~DTM*233*20130615~PER*CX**TE*8886323862~SVC*HC:90834*150*0**0**1~DTM*472*20130615~CAS*PI*18*150*1~REF*6R*00000000001~LX*3~TS3*1457686560*11*20131231*2*350~CLP*0*1*175*30*30*13*E4FA8F2D30000*11~NM1*QC*1*BURD*MARY*K~NM1*IL*1*BURD*MARY****MI*W179122870~NM1*82*1*HURT*DEBBIE****XX*1275694077~REF*1L*0622709-010-00048- A~DTM*050*20130830~DTM*232*20130529~DTM*233*20130529~PER*CX**TE*8886323862~AMT*AU*175~SVC*HC:90834*175*30**1~DTM*472*20130529~CAS*CO*45*115~CAS*PR*3*30~REF*6R*00000000001~AMT*B6*60~CLP*0*1*175*51*9*13*E4PA8G45D0000*11~NM1*QC*1*BASSEL*MATTHEW~NM1*IL*1*BASSEL*MATTHEW****MI*W194676132~NM1*82*1*HURT*DEBBIE****XX*1275694077~REF*1L*0883610-011-00752- A~DTM*050*20130830~DTM*232*20130504~DTM*233*20130504~PER*CX**TE*8886323862~AMT*AU*175~SVC*HC:90834*175*51**1~DTM*472*20130504~CAS*CO*45*115~CAS*PR*2*9~REF*6R*00000000001~AMT*B6*60~SE*94*0001~ST*835*0002~BPR*H*0*C*NON************20130903~TRN*1*FC9013247000126*1066033492~REF*EV*330897513~DTM*405*20130904~N1*PR*AETNA~N3*151 FARMINGTON AVENUE~N4*HARTFORD*CT*06156~PER*BL*PROVIDER SERVICE~N1*PE*CENTER FOR PSYCHOLOGICAL SERVIC*XX*1457686560~N3*491 AMWELL RD STE 103~N4*HILLSBOROUGH*NJ*088448212~REF*PQ*149850620~REF*TJ*263895688~LX*1~TS3*1568514024*11*20131231*1*150~CLP*0000001*1*150*0**HM*1308301133760000*11~NM1*QC*1*PETREN*BARBARA~NM1*IL*1*PETREN*BARBARA****MI*BBP739VA~NM1*82*2*CENTER FOR PSYCHOLOGICAL SERVIC*****XX*1568514024~REF*1L*01404E-195~REF*CE*NJ EMPLOYEE PLAN NET 01961~DTM*050*20130830~DTM*232*20130702~DTM*233*20130702~PER*CX**TE*8006240756~SVC*HC:90834*150*0**0**1~DTM*472*20130702~CAS*OA*18*150*1~REF*6R*00000000001~SE*31*0002~GE*2*152544775~IEA*1*152544775~
