ISA*00*          *00*          *ZZ*330897513      *ZZ*ASSOCIATEDBC   *130905*1023*U*00401*152623843*0*P*:~GS*HP*330897513*ASSOCIATEDBC*20130905*1023*152623843*X*004010X091A1~ST*835*0001~BPR*I*70.76*C*CHK************20130903~TRN*1*PG40431052*1411289245*000087726~DTM*405*20130903~N1*PR*UNITED HEALTHCARE INSURANCE COMPANY*XV*87726~N3*GREENSBORO SERVICE CENTER*P O BOX 740800~N4*ATLANTA*GA*303740800~REF*2U*87726~PER*CX*GREENSBORO SERVICE CENTER*TE*8778423210~N1*PE*DANIEL MARK EDELMAN PSY D PC*XX*1891744421~N3*13 EAGLE TER~N4*WEST ORANGE*NJ*070520000~REF*TJ*203009626~LX*1~TS3*1891744421*11*20131231*1*150~CLP*743305578*1*150*70.76*12.49*13*4251672218 0016144461*11~NM1*QC*1*SLAFF*JEFFREY~NM1*IL*1*ELKIN*ANDREA****MI*915078665~NM1*82*1*EDELMAN*DANIEL*M***XX*1629041165~REF*1L*136572~REF*CE*CHOYC+~DTM*050*20130828~DTM*232*20130820~AMT*AU*150~SVC*HC:90834*150*70.76**1~DTM*472*20130820~CAS*CO*45*66.75~CAS*PR*2*12.49~REF*6R*647743305578~AMT*B6*83.25~SE*31*0001~ST*835*0002~BPR*I*68.25*C*CHK************20130903~TRN*1*PH75554931*1411289245*000087726~DTM*405*20130903~N1*PR*UNITED HEALTHCARE INSURANCE COMPANY*XV*87726~N3*BUFFALO SERVICE CENTER*PO BOX 30555~N4*SALT LAKE CITY*UT*841300555~REF*2U*87726~PER*CX*BUFFALO SERVICE CENTER*TE*8778423210~N1*PE*DANIEL MARK EDELMAN PSY D PC*XX*1891744421~N3*13 EAGLE TER~N4*WEST ORANGE*NJ*070520000~REF*TJ*203009626~LX*1~TS3*1891744421*11*20131231*2*300~CLP*743305574*1*150*0*83.25*13*4251672219 0010141581*11~NM1*QC*1*SALFINO*CATHERINE*S~NM1*IL*1*SALFINO*MICHAEL*J***MI*952295971~NM1*82*1*EDELMAN*DANIEL*M***XX*1629041165~REF*1L*752713~REF*CE*CHOYC+~DTM*050*20130828~DTM*232*20130812~AMT*AU*150~SVC*HC:90834*150*0**1~DTM*472*20130812~CAS*CO*45*66.75~CAS*PR*1*83.25~REF*6R*641743305574~AMT*B6*83.25~CLP*743305512*1*150*68.25*15*13*4251672217 0007000400*11~NM1*QC*1*ELLSON*HANNAH~NM1*IL*1*ELLSON*JEFFREY****MI*849512199~NM1*74*1*FEELEY*JEFFREY*S~NM1*82*1*EDELMAN*DANIEL*M***XX*1629041165~REF*1L*203922~REF*CE*CHOYC+~DTM*050*20130828~DTM*232*20130809~AMT*AU*150~SVC*HC:90834*150*68.25**1~DTM*472*20130809~CAS*CO*45*66.75~CAS*PR*3*15~REF*6R*588743305512~AMT*B6*83.25~SE*47*0002~ST*835*0003~BPR*I*68*C*ACH*CCP*01*124384877*DA*1470858534*1411289245*000087726*01*011200608*DA*191410030420*20130906~TRN*1*1095267620*1411289245*000087726~DTM*405*20130903~N1*PR*UNITED HEALTHCARE INSURANCE COMPANY*XV*87726~N3*P.O. BOX 30755~N4*SALT LAKE CITY*UT*841300755~REF*2U*87726~PER*CX*UNITED BEHAVIORAL HEALTH*TE*8003338724~N1*PE*KARIN RAPEL KINNEY*XX*1063567766~N3*59 WEBSTER ST~N4*LEWISTION*ME*042400000~REF*TJ*141784965~LX*1~CLP*33600A130820*1*90*68**15*13X329383400*11~NM1*QC*1*RUSSELL*JAY H****MI*00964779600~REF*1L*30141~REF*CE*FS 306 ME MSW~DTM*050*20130827~AMT*AU*68~SVC*HC:90834:HJ*90*68**1~DTM*472*20130812~CAS*CO*45*22~REF*6R*1~AMT*B6*68~SE*26*0003~GE*3*152623843~IEA*1*152623843~
