ISA*00*          *00*          *ZZ*330897513      *ZZ*ASSOCIATEDBC   *130905*1023*^*00501*152623831*0*P*:~GS*HP*330897513*ASSOCIATEDBC*20130905*1023*152623831*X*005010X221A1~ST*835*0001~BPR*I*160.23*C*ACH*CCP*01*081517693*DA*152302017073*1205296137**01*021200339*DA*381006409421*20130903~TRN*1*885893375*1205296137~REF*EV*1929361~DTM*405*20130830~N1*PR*NOVITAS SOLUTIONS, INC.~N3*PO BOX 3031~N4*MECHANICSBURG*PA*170551803~REF*2U*12402~PER*CX**TE*8772358073~PER*BL*NOVITAS SOLUTIONS, INC. EDI SERVICES*TE*8772358073*EX*1*EM*WEBSITEEDI@NOVITAS_SOLUTIONS.COM~N1*PE*CYNTHIA M. BRATMAN  CP*XX*1184788275~N3*SUITE 209*20 NASSAU ST~N4*PRINCETON*NJ*085424509~REF*TJ*200286572~LX*1~CLP*0*19*525*160.23*88.05*MB*0813217082780*11~NM1*QC*1*KUDRA*TARA****HN*194584895A~NM1*TT*2*COMMONWEALTH OF PENNSYLVANIA*****PI*70031~MOA***MA01*MA27*MA07~DTM*050*20130805~SVC*HC:90834*175*53.41**1~DTM*472*20130722~CAS*CO*45*91.15**223*1.09~CAS*PR*2*13.63**122*15.72~REF*6R*LX#01~REF*LU*11~AMT*B6*83.85~SVC*HC:90834*175*53.41**1~DTM*472*20130729~CAS*CO*45*91.15**223*1.09~CAS*PR*2*13.63**122*15.72~REF*6R*LX#02~REF*LU*11~AMT*B6*83.85~SVC*HC:90834*175*53.41**1~DTM*472*20130730~CAS*CO*45*91.15**223*1.09~CAS*PR*2*13.63**122*15.72~REF*6R*LX#03~REF*LU*11~AMT*B6*83.85~SE*43*0001~ST*835*0002~BPR*I*658.68*C*ACH*CCP*01*081517693*DA*152302017073*1205296137**01*221283512*DA*95665700570381*20130903~TRN*1*885894025*1205296137~REF*EV*1929361~DTM*405*20130830~N1*PR*NOVITAS SOLUTIONS, INC.~N3*PO BOX 3031~N4*MECHANICSBURG*PA*170551803~REF*2U*12402~PER*CX**TE*8772358073~PER*BL*NOVITAS SOLUTIONS, INC. EDI SERVICES*TE*8772358073*EX*1*EM*WEBSITEEDI@NOVITAS_SOLUTIONS.COM~N1*PE*KAREN G. WAY*XX*1477603942~N3*38 JUNIPER LANE~N4*PISCATAWAY*NJ*088545632~REF*TJ*264523736~LX*1~CLP*21300A130816*19*150*54.89*30.16*MB*0913231457130*11*1~NM1*QC*1*ARON*JOANNA****HN*088460853A~NM1*TT*2*GHI PPO*****PI*00035~MOA***MA01*MA18~DTM*050*20130819~SVC*HC:90834*150*54.89**1~DTM*472*20130802~CAS*CO*45*63.83**223*1.12~CAS*PR*2*14**122*16.16~REF*6R*0~REF*LU*11~AMT*B6*86.17~CLP*21600A130816*19*150*54.89*30.16*MB*0913231457140*11*1~NM1*QC*1*ARON*JOANNA****HN*088460853A~NM1*TT*2*GHI PPO*****PI*00035~MOA***MA01*MA18~DTM*050*20130819~SVC*HC:90834*150*54.89**1~DTM*472*20130805~CAS*CO*45*63.83**223*1.12~CAS*PR*2*14**122*16.16~REF*6R*0~REF*LU*11~AMT*B6*86.17~CLP*22000A130816*19*150*54.89*30.16*MB*0913231457150*11*1~NM1*QC*1*ARON*JOANNA****HN*088460853A~NM1*TT*2*GHI PPO*****PI*00035~MOA***MA01*MA18~DTM*050*20130819~SVC*HC:90834*150*54.89**1~DTM*472*20130807~CAS*CO*45*63.83**223*1.12~CAS*PR*2*14**122*16.16~REF*6R*0~REF*LU*11~AMT*B6*86.17~CLP*22700A130816*19*150*54.89*30.16*MB*0913231457160*11*1~NM1*QC*1*ARON*JOANNA****HN*088460853A~NM1*TT*2*GHI PPO*****PI*00035~MOA***MA01*MA18~DTM*050*20130819~SVC*HC:90834*150*54.89**1~DTM*472*20130809~CAS*CO*45*63.83**223*1.12~CAS*PR*2*14**122*16.16~REF*6R*0~REF*LU*11~AMT*B6*86.17~CLP*21400A130816*19*150*54.89*30.16*MB*0913231457170*11*1~NM1*QC*1*BERBAUM*JOANNE I****HN*152423142W~NM1*TT*2*HORIZON BCBS OF NEW JERSEY*****PI*30013~MOA***MA01*MA18~DTM*050*20130819~SVC*HC:90834*150*54.89**1~DTM*472*20130802~CAS*CO*45*63.83**223*1.12~CAS*PR*2*14**122*16.16~REF*6R*0~REF*LU*11~AMT*B6*86.17~CLP*21500A130816*1*150*54.89*30.16*MB*0913231457180*11*1~NM1*QC*1*FOSTER*KELLY****HN*140784147A~MOA***MA01~DTM*050*20130819~SVC*HC:90834*150*54.89**1~DTM*472*20130802~CAS*CO*45*63.83**223*1.12~CAS*PR*2*14**122*16.16~REF*6R*0~REF*LU*11~AMT*B6*86.17~CLP*22800A130816*1*150*54.89*30.16*MB*0913231457190*11*1~NM1*QC*1*FOSTER*KELLY****HN*140784147A~MOA***MA01~DTM*050*20130819~SVC*HC:90834*150*54.89**1~DTM*472*20130809~CAS*CO*45*63.83**223*1.12~CAS*PR*2*14**122*16.16~REF*6R*0~REF*LU*11~AMT*B6*86.17~CLP*18600A130816*19*150*54.89*30.16*MB*0913232082260*11*1~NM1*QC*1*FRAMPTON*STEPHEN****HN*156560448A~NM1*TT*2*NJ DEPT. OF HUMAN SERVICES*****PI*70077~MOA***MA01*MA07~DTM*050*20130820~SVC*HC:90834*150*54.89**1~DTM*472*20130801~CAS*CO*45*63.83**223*1.12~CAS*PR*2*14**122*16.16~REF*6R*30018600A130816~REF*LU*11~AMT*B6*86.17~CLP*22400A130816*19*150*54.89*30.16*MB*0913232079930*11*1~NM1*QC*1*GRIMALDI*JENNIFER****HN*026662235A~NM1*TT*2*NJ DEPT. OF HUMAN SERVICES*****PI*70078~MOA***MA01*MA07~DTM*050*20130820~SVC*HC:90834*150*54.89**1~DTM*472*20130808~CAS*CO*45*63.83**223*1.12~CAS*PR*2*14**122*16.16~REF*6R*0~REF*LU*11~AMT*B6*86.17~CLP*21800A130816*19*150*54.89*30.16*MB*0913232079900*11*1~NM1*QC*1*HAMMOND*NORMAN****HN*135742336A~NM1*TT*2*NJ DEPT. OF HUMAN SERVICES*****PI*70080~MOA***MA01*MA07~DTM*050*20130820~SVC*HC:90834*150*54.89**1~DTM*472*20130806~CAS*CO*45*63.83**223*1.12~CAS*PR*2*14**122*16.16~REF*6R*0~REF*LU*11~AMT*B6*86.17~CLP*22300A130816*19*150*54.89*30.16*MB*0913232079920*11*1~NM1*QC*1*KIM*SUN****HN*124704137A~NM1*TT*2*NJ DEPT. OF HUMAN SERVICES*****PI*70077~MOA***MA01*MA07~DTM*050*20130820~SVC*HC:90834*150*54.89**1~DTM*472*20130807~CAS*CO*45*63.83**223*1.12~CAS*PR*2*14**122*16.16~REF*6R*0~REF*LU*11~AMT*B6*86.17~CLP*22100A130816*19*150*54.89*30.16*MB*0913232079910*11*1~NM1*QC*1*ZABOROWSKI*RAYMOND****HN*135405190A~NM1*TT*2*NJ DEPT. OF HUMAN SERVICES*****PI*70078~MOA***MA01*MA07~DTM*050*20130820~SVC*HC:90834*150*54.89**1~DTM*472*20130807~CAS*CO*45*63.83**223*1.12~CAS*PR*2*14**122*16.16~REF*6R*0~REF*LU*11~AMT*B6*86.17~SE*159*0002~ST*835*0003~BPR*I*82.34*C*ACH*CCP*01*081517693*DA*152302017073*1205296137**01*231372691*DA*0181143836*20130903~TRN*1*885889102*1205296137~REF*EV*1929361~DTM*405*20130830~N1*PR*NOVITAS SOLUTIONS, INC.~N3*PO BOX 3031~N4*MECHANICSBURG*PA*170551803~REF*2U*12402~PER*CX**TE*8772358073~PER*BL*NOVITAS SOLUTIONS, INC. EDI SERVICES*TE*8772358073*EX*1*EM*WEBSITEEDI@NOVITAS_SOLUTIONS.COM~N1*PE*MAUREEN WIESE WAIBEL  CSW*XX*1902991391~N3*800 RARITAN ROAD~N4*CLARK*NJ*070661710~REF*TJ*262135919~LX*1~CLP*27900A130819*19*125*41.17*22.62*MB*0913232085050*11*1~NM1*QC*1*FILIK*LINDA MAR****HN*145484131A~NM1*TT*2*UNITEDHEALTH GROUP*****PI*30002~MOA***MA01*MA18~DTM*050*20130820~SVC*HC:90834*125*41.17**1~DTM*472*20130805~CAS*CO*45*60.37**223*0.84~CAS*PR*2*10.5**122*12.12~REF*6R*0~REF*LU*11~AMT*B6*64.63~CLP*26900A130819*19*125*41.17*22.62*MB*0913232085070*11*1~NM1*QC*1*TORRE*JOSEPH****HN*137426725A~NM1*TT*2*UNITEDHEALTH GROUP*****PI*30002~MOA***MA01*MA18~DTM*050*20130820~SVC*HC:90834*125*41.17**1~DTM*472*20130801~CAS*CO*45*60.37**223*0.84~CAS*PR*2*10.5**122*12.12~REF*6R*0~REF*LU*11~AMT*B6*64.63~SE*41*0003~GE*3*152623831~IEA*1*152623831~
