ISA*00*          *00*          *ZZ*330897513      *ZZ*ASSOCIATEDBC   *130906*0643*^*00501*152743507*0*P*:~GS*HP*330897513*ASSOCIATEDBC*20130906*0643*152743507*X*005010X221A1~ST*835*0001~BPR*H*0*C*NON************20130904~TRN*1*012684312*1216000928~REF*EV*9904204~DTM*405*20130830~N1*PR*NEW JERSEY MEDICAID~N3*3705 QUAKERBRIDGE ROAD, SUITE 101~N4*TRENTON*NJ*086191288~PER*CX*NEW JERSEY MEDICAID PROVIDER SERVICES*TE*8007766334~PER*BL*NEW JERSEY EDI UNIT*TE*6095886051*EM*NJMMISEDI@MOLINAHEALTHCARE.COM*FX*6095848268~PER*IC**UR*WWW.NJMMIS.COM~N1*PE*WAY          KAREN      GPHD*XX*1477603942~REF*PQ*0225177~REF*TJ*008388097~LX*1~CLP*124704137 A*2*150*0**MC*201315121048801-0670*11*1~NM1*QC*1*KIM*SUN*C***MR*122001580001~REF*EA*0813120154120~DTM*232*20130401~DTM*233*20130401~SVC*HC:90834*150*0**1**0~DTM*472*20130401~CAS*CO*45*150~REF*6R*LX#01~LQ*HE*M86~CLP*135405190 A*2*150*0**MC*201315121509902-0670*11*1~NM1*QC*1*ZABOROWSKI*RAYMOND*T***MR*122077125801~REF*EA*0813120154160~DTM*232*20130403~DTM*233*20130403~SVC*HC:90834*150*0**1**0~DTM*472*20130403~CAS*CO*45*150~REF*6R*LX#01~LQ*HE*M86~CLP*124704137 A*2*150*0**MC*201315121048802-0670*11*1~NM1*QC*1*KIM*SUN*C***MR*122001580001~REF*EA*0813120154120~DTM*232*20130408~DTM*233*20130408~SVC*HC:90834*150*0**1**0~DTM*472*20130408~CAS*CO*45*150~REF*6R*LX#02~LQ*HE*M86~CLP*026662235A*2*150*0**MC*201315121510101-13320670*11*1~NM1*QC*1*GRIMALDI*JENNIFER*J***MR*212080697401~REF*EA*0813120154100~DTM*232*20130408~DTM*233*20130408~SVC*HC:90834*150*0**1**0~DTM*472*20130408~CAS*CO*45*150~REF*6R*LX#01~LQ*HE*M57~LQ*HE*M86~CLP*135742336A*2*150*0**MC*201315122214201-0670*11*1~NM1*QC*1*HAMMOND*NORMAN****MR*122081285101~REF*EA*0813120154110~DTM*232*20130409~DTM*233*20130409~SVC*HC:90834*150*0**1**0~DTM*472*20130409~CAS*CO*45*150~REF*6R*LX#01~LQ*HE*M86~CLP*135405190 A*2*150*0**MC*201315121509901-0670*11*1~NM1*QC*1*ZABOROWSKI*RAYMOND*T***MR*122077125801~REF*EA*0813120154160~DTM*232*20130410~DTM*233*20130410~SVC*HC:90834*150*0**1**0~DTM*472*20130410~CAS*CO*45*150~REF*6R*LX#02~LQ*HE*M86~CLP*026662235A*2*150*0**MC*201319321755001-0670*11*1~NM1*QC*1*GRIMALDI*JENNIFER*J***MR*212080697401~REF*EA*0813161180450~DTM*232*20130520~DTM*233*20130520~SVC*HC:90834*150*0**1**0~DTM*472*20130520~CAS*CO*45*150~REF*6R*LX#01~LQ*HE*M86~CLP*135742336 A*2*150*0**MC*201319322552801-13320670*11*1~NM1*QC*1*HAMMOND*NORMAN****MR*122081285101~REF*EA*0813161180460~DTM*232*20130521~DTM*233*20130521~SVC*HC:90834*150*0**1**0~DTM*472*20130521~CAS*CO*45*150~REF*6R*LX#01~LQ*HE*M57~LQ*HE*M86~CLP*124704137 A*2*150*0**MC*201319321264201-0670*11*1~NM1*QC*1*KIM*SUN*C***MR*122001580001~REF*EA*0813161180470~DTM*232*20130521~DTM*233*20130521~SVC*HC:90834*150*0**1**0~DTM*472*20130521~CAS*CO*45*150~REF*6R*LX#01~LQ*HE*M86~CLP*135405190 A*2*150*0**MC*201319321754901-0670*11*1~NM1*QC*1*ZABOROWSKI*RAYMOND*T***MR*122077125801~REF*EA*0813161180130~DTM*232*20130522~DTM*233*20130522~SVC*HC:90834*150*0**1**0~DTM*472*20130522~CAS*CO*45*150~REF*6R*LX#01~LQ*HE*M86~CLP*135742336 A*2*150*0**MC*201319322552802-13320670*11*1~NM1*QC*1*HAMMOND*NORMAN****MR*122081285101~REF*EA*0813161180460~DTM*232*20130528~DTM*233*20130528~SVC*HC:90834*150*0**1**0~DTM*472*20130528~CAS*CO*45*150~REF*6R*LX#02~LQ*HE*M57~LQ*HE*M86~CLP*135405190 A*2*150*0**MC*201319321754902-0670*11*1~NM1*QC*1*ZABOROWSKI*RAYMOND*T***MR*122077125801~REF*EA*0813161180130~DTM*232*20130529~DTM*233*20130529~SVC*HC:90834*150*0**1**0~DTM*472*20130529~CAS*CO*45*150~REF*6R*LX#02~LQ*HE*M86~CLP*124704137 A*2*150*0**MC*201319321264202-0670*11*1~NM1*QC*1*KIM*SUN*C***MR*122001580001~REF*EA*0813161180470~DTM*232*20130529~DTM*233*20130529~SVC*HC:90834*150*0**1**0~DTM*472*20130529~CAS*CO*45*150~REF*6R*LX#02~LQ*HE*M86~CLP*156560448A*2*150*0**MC*201319321264301-03060670*11*1~NM1*QC*1*FRAMPTON*STEPHEN****MR*152030463701~REF*EA*0813161180440~DTM*232*20130530~DTM*233*20130530~SVC*HC:90834*150*0**1**0~DTM*472*20130530~CAS*CO*45*150~REF*6R*LX#01~LQ*HE*MA80~LQ*HE*M86~CLP*43500A130823*1*150*35.64**MC*201323953982101*11*1~NM1*QC*1*TRANTAS*JOSEPH****MR*043025330602~DTM*232*20130820~DTM*233*20130820~AMT*AU*35.64~SVC*HC:90834*150*35.64**1**0~DTM*472*20130820~CAS*CO*45*114.36~REF*6R*0~AMT*B6*35.64~PLB*1477603942*20131231*CS:20131870138*35.64~SE*171*0001~ST*835*0002~BPR*I*77.65*C*CHK************20130831~TRN*1*20130831112000380EPRA178252*1910214500*N~REF*EV*PB5~DTM*405*20130831~N1*PR*THE EVERETT CLINIC~N3*3901 HOYT AVE~N4*EVERETT*WA*98201~PER*CX*EDI TEAM*EM*EDI@PREMERA.COM*TE*8004352715~PER*BL*EDI TEAM*EM*EDI@PREMERA.COM*TE*8004352715~N1*PE*KATHI L. JACKSON*XX*1144266438~N3*2731 WETMORE AVE*STE 240~N4*EVERETT*WA*982013581~REF*TJ*447585592~LX*0~CLP*743367897*1*150*77.65*19.41*12*827249682300*11*1~NM1*QC*1*REID*STEPHANIE  1****MI*101075413~NM1*74*1**STEPHANIE*D***C*10107541301~REF*1L*1018226~REF*CE*PBC PPO (HERITAGE) NETWORK~DTM*050*20130828~AMT*AU*97.06~SVC*HC:90834*150*77.65**1~DTM*472*20130822~CAS*PR*2*19.41~CAS*CO*45*52.94~REF*6R*798743367897~AMT*B6*97.06~SE*29*0002~ST*835*0003~BPR*I*144.12*C*CHK************20130831~TRN*1*20130831138047090EPRA15832927*1910499247*N~REF*EV*PB5~DTM*405*20130831~N1*PR*PREMERA BLUE CROSS~N3*PO BOX 327*MS 357~N4*SEATTLE*WA*98111~PER*CX*EDI TEAM*EM*EDI@PREMERA.COM*TE*8004352715~PER*BL*EDI TEAM*EM*EDI@PREMERA.COM*TE*8004352715~N1*PE*KATHI L. JACKSON*XX*1144266438~N3*2731 WETMORE AVE*STE 240~N4*EVERETT*WA*982013581~REF*TJ*447585592~LX*0~CLP*743367894*1*300*144.12*50*12*827247795600*11*1~NM1*QC*1*HAGAN*JOANNA*L***MI*100492184~NM1*74*1******C*10049218401~REF*1L*1000016~REF*CE*PBC PPO (HERITAGE) NETWORK~DTM*050*20130828~AMT*AU*194.12~SVC*HC:90834*150*72.06**1~DTM*472*20130813~CAS*PR*3*25~CAS*CO*45*52.94~REF*6R*793743367894~AMT*B6*97.06~SVC*HC:90834*150*72.06**1~DTM*472*20130820~CAS*PR*3*25~CAS*CO*45*52.94~REF*6R*794743367894~AMT*B6*97.06~SE*35*0003~ST*835*0004~BPR*I*548.9*C*ACH*CCP*01*081517693*DA*152302017073*1205296137**01*221283512*DA*95665700570381*20130904~TRN*1*885898421*1205296137~REF*EV*1929361~DTM*405*20130903~N1*PR*NOVITAS SOLUTIONS, INC.~N3*PO BOX 3031~N4*MECHANICSBURG*PA*170551803~REF*2U*12402~PER*CX**TE*8772358073~PER*BL*NOVITAS SOLUTIONS, INC. EDI SERVICES*TE*8772358073*EX*1*EM*WEBSITEEDI@NOVITAS_SOLUTIONS.COM~N1*PE*KAREN G. WAY*XX*1477603942~N3*38 JUNIPER LANE~N4*PISCATAWAY*NJ*088545632~REF*TJ*264523736~LX*1~CLP*37700A130820*19*150*54.89*30.16*MB*0913233255120*11*1~NM1*QC*1*ARON*JOANNA****HN*088460853A~NM1*TT*2*GHI PPO*****PI*00035~MOA***MA01*MA18~DTM*050*20130821~SVC*HC:90834*150*54.89**1~DTM*472*20130812~CAS*CO*45*63.83**223*1.12~CAS*PR*2*14**122*16.16~REF*6R*0~REF*LU*11~AMT*B6*86.17~CLP*38600A130820*19*150*54.89*30.16*MB*0913233255170*11*1~NM1*QC*1*ARON*JOANNA****HN*088460853A~NM1*TT*2*GHI PPO*****PI*00035~MOA***MA01*MA18~DTM*050*20130821~SVC*HC:90834*150*54.89**1~DTM*472*20130814~CAS*CO*45*63.83**223*1.12~CAS*PR*2*14**122*16.16~REF*6R*0~REF*LU*11~AMT*B6*86.17~CLP*39200A130820*19*150*54.89*30.16*MB*0913233255190*11*1~NM1*QC*1*ARON*JOANNA****HN*088460853A~NM1*TT*2*GHI PPO*****PI*00035~MOA***MA01*MA18~DTM*050*20130821~SVC*HC:90834*150*54.89**1~DTM*472*20130816~CAS*CO*45*63.83**223*1.12~CAS*PR*2*14**122*16.16~REF*6R*0~REF*LU*11~AMT*B6*86.17~CLP*39300A130820*19*150*54.89*30.16*MB*0913233255200*11*1~NM1*QC*1*BERBAUM*JOANNE I****HN*152423142W~NM1*TT*2*HORIZON BCBS OF NEW JERSEY*****PI*30013~MOA***MA01*MA18~DTM*050*20130821~SVC*HC:90834*150*54.89**1~DTM*472*20130816~CAS*CO*45*63.83**223*1.12~CAS*PR*2*14**122*16.16~REF*6R*0~REF*LU*11~AMT*B6*86.17~CLP*38500A130820*1*150*54.89*30.16*MB*0913233255160*11*1~NM1*QC*1*FOSTER*KELLY****HN*140784147A~MOA***MA01~DTM*050*20130821~SVC*HC:90834*150*54.89**1~DTM*472*20130814~CAS*CO*45*63.83**223*1.12~CAS*PR*2*14**122*16.16~REF*6R*0~REF*LU*11~AMT*B6*86.17~CLP*39400A130820*1*150*54.89*30.16*MB*0913233255210*11*1~NM1*QC*1*FOSTER*KELLY****HN*140784147A~MOA***MA01~DTM*050*20130821~SVC*HC:90834*150*54.89**1~DTM*472*20130816~CAS*CO*45*63.83**223*1.12~CAS*PR*2*14**122*16.16~REF*6R*0~REF*LU*11~AMT*B6*86.17~CLP*38800A130820*19*150*54.89*30.16*MB*0913233255180*11*1~NM1*QC*1*FRAMPTON*STEPHEN****HN*156560448A~NM1*TT*2*NJ DEPT. OF HUMAN SERVICES*****PI*70077~MOA***MA01*MA07~DTM*050*20130821~SVC*HC:90834*150*54.89**1~DTM*472*20130814~CAS*CO*45*63.83**223*1.12~CAS*PR*2*14**122*16.16~REF*6R*0~REF*LU*11~AMT*B6*86.17~CLP*38000A130820*19*150*54.89*30.16*MB*0913233255140*11*1~NM1*QC*1*KIM*SUN****HN*124704137A~NM1*TT*2*NJ DEPT. OF HUMAN SERVICES*****PI*70077~MOA***MA01*MA07~DTM*050*20130821~SVC*HC:90834*150*54.89**1~DTM*472*20130812~CAS*CO*45*63.83**223*1.12~CAS*PR*2*14**122*16.16~REF*6R*0~REF*LU*11~AMT*B6*86.17~CLP*38400A130820*1*150*54.89*30.16*MB*0913233255150*11*1~NM1*QC*1*STAFFORD*JAMES****HN*139762323A~MOA***MA01~DTM*050*20130821~SVC*HC:90834*150*54.89**1~DTM*472*20130813~CAS*CO*45*63.83**223*1.12~CAS*PR*2*14**122*16.16~REF*6R*0~REF*LU*11~AMT*B6*86.17~CLP*37900A130820*19*150*54.89*30.16*MB*0913233255130*11*1~NM1*QC*1*ZABOROWSKI*RAYMOND****HN*135405190A~NM1*TT*2*NJ DEPT. OF HUMAN SERVICES*****PI*70078~MOA***MA01*MA07~DTM*050*20130821~SVC*HC:90834*150*54.89**1~DTM*472*20130812~CAS*CO*45*63.83**223*1.12~CAS*PR*2*14**122*16.16~REF*6R*0~REF*LU*11~AMT*B6*86.17~SE*134*0004~ST*835*0005~BPR*I*123.51*C*ACH*CCP*01*081517693*DA*152302017073*1205296137**01*231372691*DA*0181143836*20130904~TRN*1*885895425*1205296137~REF*EV*1929361~DTM*405*20130903~N1*PR*NOVITAS SOLUTIONS, INC.~N3*PO BOX 3031~N4*MECHANICSBURG*PA*170551803~REF*2U*12402~PER*CX**TE*8772358073~PER*BL*NOVITAS SOLUTIONS, INC. EDI SERVICES*TE*8772358073*EX*1*EM*WEBSITEEDI@NOVITAS_SOLUTIONS.COM~N1*PE*MAUREEN WIESE WAIBEL  CSW*XX*1902991391~N3*800 RARITAN ROAD~N4*CLARK*NJ*070661710~REF*TJ*262135919~LX*1~CLP*35900A130820*19*125*41.17*22.62*MB*0913233252940*11*1~NM1*QC*1*CORDLE*MADELINE****HN*150324153A~NM1*TT*2*UNITEDHEALTH GROUP*****PI*30002~MOA***MA01*MA18~DTM*050*20130821~SVC*HC:90834*125*41.17**1~DTM*472*20130814~CAS*CO*45*60.37**223*0.84~CAS*PR*2*10.5**122*12.12~REF*6R*0~REF*LU*11~AMT*B6*64.63~CLP*32700A130820*1*125*41.17*22.62*MB*0913233252930*11*1~NM1*QC*1*LIPARI*BARBARA****HN*157662010A~MOA***MA01~DTM*050*20130821~SVC*HC:90834*125*41.17**1~DTM*472*20130812~CAS*CO*45*60.37**223*0.84~CAS*PR*2*10.5**122*12.12~REF*6R*0~REF*LU*11~AMT*B6*64.63~CLP*37200A130820*19*125*41.17*22.62*MB*0913233252950*11*1~NM1*QC*1*TORRE*JOSEPH****HN*137426725A~NM1*TT*2*UNITEDHEALTH GROUP*****PI*30002~MOA***MA01*MA18~DTM*050*20130821~SVC*HC:90834*125*41.17**1~DTM*472*20130815~CAS*CO*45*60.37**223*0.84~CAS*PR*2*10.5**122*12.12~REF*6R*0~REF*LU*11~AMT*B6*64.63~SE*52*0005~GE*5*152743507~IEA*1*152743507~
