ISA*00*          *00*          *ZZ*330897513      *ZZ*ASSOCIATEDBC   *130906*2015*U*00401*152866172*0*P*:~GS*HP*330897513*ASSOCIATEDBC*20130906*2015*152866172*X*004010X091A1~ST*835*0001~BPR*I*40*C*CHK************20130905~TRN*1*PG08032645*1411289245*000087726~DTM*405*20130905~N1*PR*UNITED HEALTHCARE INSURANCE COMPANY*XV*87726~N3*GREENSBORO SERVICE CENTER*P.O. BOX 740800~N4*ATLANTA*GA*303740800~REF*2U*87726~PER*CX*GREENSBORO SERVICE CENTER*TE*8778423210~N1*PE*ROBYN M REZNIK*XX*1417034182~N3*9 PROFESSIONAL CIR STE 206~N4*COLTS NECK*NJ*077220000~REF*TJ*204217997~LX*1~TS3*1417034182*11*20131231*1*125~CLP*51800A130829*1*125*40*20*13*4254424507 0008164629*11~NM1*QC*1*GUADAGNO*JAMES~NM1*IL*1*GUADAGNO*RACHEL****MI*943799331~NM1*74*1*GUADAGNO*RACHAEL*N~REF*1L*708742~REF*CE*CHOYC+~DTM*050*20130830~DTM*232*20130822~AMT*AU*125~SVC*HC:90834*125*40**1~DTM*472*20130822~CAS*CO*45*65~CAS*PR*3*20~REF*6R*0~AMT*B6*60~SE*31*0001~ST*835*0002~BPR*I*249.75*C*CHK************20130905~TRN*1*PG08032668*1411289245*000087726~DTM*405*20130905~N1*PR*UNITED HEALTHCARE INSURANCE COMPANY*XV*87726~N3*KINGSTON SERVICE CENTER*PO BOX 740800~N4*ATLANTA*GA*303740800~REF*2U*87726~PER*CX*KINGSTON SERVICE CENTER*TE*8778423210~N1*PE*ROSEMARY T ARENA*XX*1033218813~N3*49 MARKET ST~N4*SADDLE BROOK*NJ*076630000~REF*TJ*053327939~LX*1~TS3*1033218813*11*20131231*3*450~CLP*45700A130826*1*150*83.25**14*4249953638 0008982342*11~NM1*QC*1*PIAZZA*MARYANN~NM1*IL*1*PIAZZA*PAUL****MI*860483116~NM1*74*1*PIAZZA*PAUL*A~REF*1L*730542~REF*CE*CHOYC~DTM*050*20130827~DTM*232*20130807~AMT*AU*150~SVC*HC:90834*150*83.25**1~DTM*472*20130807~CAS*CO*45*66.75~REF*6R*0~AMT*B6*83.25~CLP*46200A130826*1*150*83.25**14*4249953639 0008982344*11~NM1*QC*1*PIAZZA*MARYANN~NM1*IL*1*PIAZZA*PAUL****MI*860483116~NM1*74*1*PIAZZA*PAUL*A~REF*1L*730542~REF*CE*CHOYC~DTM*050*20130827~DTM*232*20130814~AMT*AU*150~SVC*HC:90834*150*83.25**1~DTM*472*20130814~CAS*CO*45*66.75~REF*6R*0~AMT*B6*83.25~CLP*46600A130826*1*150*83.25**14*4249953640 0008982347*11~NM1*QC*1*PIAZZA*MARYANN~NM1*IL*1*PIAZZA*PAUL****MI*860483116~NM1*74*1*PIAZZA*PAUL*A~REF*1L*730542~REF*CE*CHOYC~DTM*050*20130827~DTM*232*20130821~AMT*AU*150~SVC*HC:90834*150*83.25**1~DTM*472*20130821~CAS*CO*45*66.75~REF*6R*0~AMT*B6*83.25~SE*58*0002~ST*835*0003~BPR*I*88*C*CHK************20130904~TRN*1*PH75569627*1411289245*000087726~DTM*405*20130904~N1*PR*UNITED HEALTHCARE INSURANCE COMPANY*XV*87726~N3*GREENSBORO SERVICE CENTER*P.O. BOX 740800~N4*ATLANTA*GA*303740800~REF*2U*87726~PER*CX*GREENSBORO SERVICE CENTER*TE*8778423210~N1*PE*MAUREEN WIESE WAIBEL LLC*XX*1902991391~N3*800 RARITAN RD~N4*CLARK*NJ*070660000~REF*TJ*262135919~LX*1~TS3*1902991391*11*20131231*2*250~CLP*57600A130830*1*125*40*20*14*4256355931 0057031840*11~NM1*QC*1*WYSOCKI*CHRISTOPHER~NM1*IL*1*WYSOCKI*CHRISTOPHER****MI*839316250~REF*1L*230093~REF*CE*CHOYC~DTM*050*20130902~DTM*232*20130826~AMT*AU*125~SVC*HC:90834*125*40**1~DTM*472*20130826~CAS*CO*45*65~CAS*PR*3*20~REF*6R*0~AMT*B6*60~CLP*27500A130819*1*125*48*12*12*4241582843 0015595014*11~NM1*QC*1*SMITH*DENISE~NM1*IL*1*SMITH*MICHAEL****MI*939608220~NM1*74*1*SMITH*MICHAEL*E~REF*1L*710918~REF*CE*OPT PPO~DTM*050*20130820~DTM*232*20130802~AMT*AU*125~SVC*HC:90834*125*48**1~DTM*472*20130802~CAS*CO*45*65~CAS*PR*2*12~REF*6R*0~AMT*B6*60~SE*45*0003~ST*835*0004~BPR*I*144*C*CHK************20130905~TRN*1*PH87211006*1411289245*000087726~DTM*405*20130905~N1*PR*UNITED HEALTHCARE INSURANCE COMPANY*XV*87726~N3*P O BOX 740800~N4*ATLANTA*GA*303740800~REF*2U*87726~PER*CX*GREENSBORO SERVICE CENTER*TE*8778423210~N1*PE*NANCY SAXTON LOPEZ*XX*1053490193~N3*6 PROSPECT ST STE 3B~N4*MIDLAND PARK*NJ*074320000~REF*TJ*096386775~LX*1~TS3*1053490193*11*20131231*2*500~CLP*745787358*1*125*0*60*13*4258870129 0017375707*11~NM1*QC*1*TULLY*STEPHEN~NM1*IL*1*TULLY*THERESA****MI*877092857~NM1*74*1*TULLY*THERESE~REF*1L*708809~REF*CE*CHOYC+~DTM*050*20130904~DTM*232*20130822~AMT*AU*125~SVC*HC:90834*125*0**1~DTM*472*20130822~CAS*CO*45*65~CAS*PR*1*60~REF*6R*011745787358~AMT*B6*60~CLP*745787288*1*375*144*36*13*4258870132 0057074660*11~NM1*QC*1*HIGDON*ERICA~NM1*IL*1*HIGDON*WILLIAM****MI*927727818~NM1*74*1*HIGDON*WILLIAM*D~REF*1L*230093~REF*CE*CHOYC+~DTM*050*20130904~DTM*232*20130814~DTM*233*20130828~AMT*AU*375~SVC*HC:90834*125*48**1~DTM*472*20130814~CAS*CO*45*65~CAS*PR*2*12~REF*6R*849745787288~AMT*B6*60~SVC*HC:90834*125*48**1~DTM*472*20130821~CAS*CO*45*65~CAS*PR*2*12~REF*6R*850745787288~AMT*B6*60~SVC*HC:90834*125*48**1~DTM*472*20130828~CAS*CO*45*65~CAS*PR*2*12~REF*6R*851745787288~AMT*B6*60~SE*59*0004~ST*835*0005~BPR*I*95*C*CHK************20130905~TRN*1*QC06726459*1411289245*000087726~DTM*405*20130905~N1*PR*UNITED HEALTHCARE INSURANCE COMPANY*XV*87726~N3*FREDERICK SERVICE CENTER*P.O. BOX 740800~N4*ATLANTA*GA*303740800~REF*2U*87726~PER*CX*FREDERICK SERVICE CENTER*TE*8778423210~N1*PE*ROBYN M REZNIK*XX*1417034182~N3*9 PROFESSIONAL CIR STE 206~N4*COLTS NECK*NJ*077220000~REF*TJ*204217997~LX*1~TS3*1417034182*11*20131231*2*265~CLP*52900A130829*1*140*55*20*13*4254431073 0005420695*11~NM1*QC*1*FREEMAN*BRIANNA~NM1*IL*1*FREEMAN*BRIAN****MI*924743979~NM1*74*1*FREEMAN*BRIAN*C~REF*1L*717755~REF*CE*CHOYC+~DTM*050*20130830~DTM*232*20130820~AMT*AU*140~SVC*HC:90791*140*55**1~DTM*472*20130820~CAS*CO*45*65~CAS*PR*3*20~REF*6R*0~AMT*B6*75~CLP*52500A130829*1*125*40*20*13*4254447502 0005421042*11~NM1*QC*1*FREEMAN*BRIANNA~NM1*IL*1*FREEMAN*BRIAN****MI*924743979~NM1*74*1*FREEMAN*BRIAN*C~REF*1L*717755~REF*CE*CHOYC+~DTM*050*20130830~DTM*232*20130829~AMT*AU*125~SVC*HC:90834*125*40**1~DTM*472*20130829~CAS*CO*45*65~CAS*PR*3*20~REF*6R*0~AMT*B6*60~SE*46*0005~GE*5*152866172~IEA*1*152866172~
