ISA*00*          *00*          *ZZ*330897513      *ZZ*ASSOCIATEDBC   *130907*1138*^*00501*152902788*0*P*:~GS*HP*330897513*ASSOCIATEDBC*20130907*1138*152902788*X*005010X221A1~ST*835*0001~BPR*I*30*C*CHK************20130905~TRN*1*704681514*1411648670~REF*EV*870426777~REF*F2*1~DTM*405*20130906~N1*PR*CIGNA BEHAVIORAL HEALTH INC.~N3*P.O. BOX 182223~N4*CHATTANOOGA*TN*374227223~PER*BL*HP*EM*CLAIMS.INTAKE.APP.SUPPORT@HP.COM~PER*IC**UR*WWW.CIGNAFORHCP.COM~N1*PE*DEBRA D CHATMAN-FINLEY MS*XX*1346469632~N3*134 W END AVE # 2~N4*SOMERVILLE*NJ*088761816~REF*TJ*264224733~LX*1~CLP*62100A130903*1*150*30*40*13*9681324708304*11*1~NM1*QC*1*DRURY*SHANNON****MI*U4622015101~NM1*82*1*CHATMAN-FINLEY*DEBRA*D***FI*264224733~REF*1L*3332472~REF*CE*OPEN ACCESS PLUS~DTM*050*20130904~DTM*232*20130828~DTM*233*20130828~PER*CX*MEMBER SERVICES*TE*8002446224~AMT*AU*70~SVC*HC:90834*150*30**1~CAS*CO*45*80~CAS*PR*3*40~REF*6R*0~AMT*B6*70~SE*32*0001~GE*1*152902788~IEA*1*152902788~
