ISA*00*          *00*          *ZZ*330897513      *ZZ*ASSOCIATEDBC   *130909*1459*U*00401*153022884*0*P*:~GS*HP*330897513*ASSOCIATEDBC*20130909*1459*153022884*X*004010X091A1~ST*835*0001~BPR*I*43*C*ACH*CCP*01*124384877*DA*1470858534*1411289245*000087726*01*011200608*DA*191410030420*20130909~TRN*1*1QG11809934*1411289245*000087726~DTM*405*20130904~N1*PR*UNITED HEALTHCARE INSURANCE COMPANY*XV*87726~N3*9900 BREN ROAD~N4*MINNETONKA*MN*553430000~REF*2U*87726~PER*CX*ATLANTA SERVICE CENTER*TE*8778423210~N1*PE*KARIN RAPEL KINNEY*XX*1063567766~N3*59 WEBSTER ST~N4*LEWISTION*ME*042400000~REF*TJ*141784965~LX*1~TS3*1063567766*11*20131231*1*90~CLP*49700A130827*1*90*43*25*14*4251672849 0007450159*11~NM1*QC*1*DAWE*ADRIANNA~NM1*IL*1*DAWE*STEVEN****MI*910972692~NM1*74*1*DAWE*STEPHEN*B~REF*1L*702457~REF*CE*CHOYC~DTM*050*20130828~DTM*232*20130813~AMT*AU*90~SVC*HC:90834*90*43**1~DTM*472*20130813~CAS*CO*45*22~CAS*PR*3*25~REF*6R*0~AMT*B6*68~SE*31*0001~GE*1*153022884~IEA*1*153022884~
