ISA*00*          *00*          *ZZ*330897513      *ZZ*ASSOCIATEDBC   *130911*1823*U*00401*153322384*0*P*:~GS*HP*330897513*ASSOCIATEDBC*20130911*1823*153322384*X*004010X091A1~ST*835*0001~BPR*I*211*C*ACH*CCP*01*031100225*DA*2079950064280/*1220999690**01*231372691*DA*0181143836*20130905~TRN*1*0004181953*1220999690*8352013090603510732~REF*EV*1902991391~DTM*405*20130905~N1*PR*HORIZON BCBSNJ~N3*PAYOR ADDRESS 1~N4*NEWARK*NJ*071010420~REF*2U*22099~N1*PE*M M WIESE WAIBEL LCSW*XX*1902991391~N3*800 RARITAN RD~N4*CLARK*NJ*070661710~REF*PQ*2621359190~REF*TJ*262135919~LX*1~CLP*57500A130830*1*125*54*15*12*780261324776902   00**1~NM1*QC*1*DUFFY*JULIE****MI*3HZN563169500~NM1*74*1*DUFFY*JULIE*A***C*YHB3HZN56316950~NM1*82*2*M M WIESE WAIBEL LCSW*****XX*1902991391~DTM*050*20130904~DTM*232*20130823~DTM*233*20130823~PER*CX*NATIONAL ACCOUNTS SERVICED IN MT.LAUREL*TE*8006244758~AMT*AU*69~AMT*T2*54~SVC*HC:99199*125*54**1*HC:90834~DTM*472*20130823~CAS*PR*3*15~CAS*CO*45*56~REF*6R*0~REF*HPI*1902991391~AMT*B6*69~CLP*54100A130830*1*125*54*15*12*780271324702436   00**1~NM1*QC*1*DUFFY*JULIE****MI*3HZN563169500~NM1*74*1*DUFFY*JULIE*A***C*YHB3HZN56316950~NM1*82*2*M M WIESE WAIBEL LCSW*****XX*1902991391~DTM*050*20130904~DTM*232*20130816~DTM*233*20130816~PER*CX*NATIONAL ACCOUNTS SERVICED IN MT.LAUREL*TE*8006244758~AMT*AU*69~AMT*T2*54~SVC*HC:99199*125*54**1*HC:90834~DTM*472*20130816~CAS*PR*3*15~CAS*CO*45*56~REF*6R*0~REF*HPI*1902991391~AMT*B6*69~CLP*54600A130830*1*125*54*15*12*780271324700918   00**1~NM1*QC*1*GREFFER*CHANTAL****MI*3HZN143458400~NM1*74*1*GREFFER*CHANTAL*M***C*YHB3HZN14345840~NM1*82*2*M M WIESE WAIBEL LCSW*****XX*1902991391~DTM*050*20130904~DTM*232*20130819~DTM*233*20130819~PER*CX*NATIONAL ACCOUNTS SERVICED IN MT.LAUREL*TE*8006244758~AMT*AU*69~AMT*T2*54~SVC*HC:99199*125*54**1*HC:90834~DTM*472*20130819~CAS*PR*3*15~CAS*CO*45*56~REF*6R*0~REF*HPI*1902991391~AMT*B6*69~CLP*56700A130830*1*125*49*20*12*780271324703528   00**1~NM1*QC*1*GWALDIS*LISA****MI*HBX3HZN28656930~NM1*82*2*M M WIESE WAIBEL LCSW*****XX*1902991391~DTM*050*20130904~DTM*232*20130822~DTM*233*20130822~PER*CX*NATIONAL ACCOUNTS SERVICED IN MT.LAUREL*TE*8006244758~AMT*AU*69~AMT*T2*49~SVC*HC:99199*125*49**1*HC:90834~DTM*472*20130822~CAS*PR*3*20~CAS*CO*45*56~REF*6R*0~REF*HPI*1902991391~AMT*B6*69~SE*83*0001~ST*835*0002~BPR*I*42*C*ACH*CCP*01*031100225*DA*2079950064280/*1220999690**01*021202337*DA*822183885*20130905~TRN*1*0004182272*1220999690*8352013090604161776~REF*EV*1588960942~DTM*405*20130905~N1*PR*HORIZON BCBSNJ~N3*PAYOR ADDRESS 1~N4*NEWARK*NJ*071010420~REF*2U*22099~N1*PE*LEGACY CONSULTING LLC*XX*1588960942~N3*18 WALLACE ST~N4*RED BANK*NJ*077011857~REF*PQ*2712946760~REF*TJ*271294676~LX*1~CLP*TMX805773650*1*150*42*30*12*780261324337581   00**1~NM1*QC*1*TUMBLESON*HEATHER****MI*TMX805773650~NM1*IL*1*TUMBLESON*MICHAEL****MI*TMX805773650~NM1*82*2*LEGACY CONSULTING LLC*****XX*1588960942~DTM*050*20130830~DTM*232*20130711~DTM*233*20130711~AMT*AU*72~AMT*T2*42~SVC*HC:90847*150*42**1~DTM*472*20130711~CAS*PR*3*30~CAS*CO*45*78~REF*6R*000001~REF*HPI*1588960942~AMT*B6*72~SE*32*0002~ST*835*0003~BPR*I*280*C*ACH*CCP*01*031100225*DA*2079950064280/*1220999690**01*231372691*DA*0181143836*20130906~TRN*1*0004189254*1220999690*8352013090704120840~REF*EV*1902991391~DTM*405*20130906~N1*PR*HORIZON BCBSNJ~N3*PAYOR ADDRESS 1~N4*NEWARK*NJ*071010420~REF*2U*22099~N1*PE*M M WIESE WAIBEL LCSW*XX*1902991391~N3*800 RARITAN RD~N4*CLARK*NJ*070661710~REF*PQ*2621359190~REF*TJ*262135919~LX*1~CLP*55700A130830*1*125*50*10*13*780261324775960   00**1~NM1*QC*1*BONILLA*NANCY****MI*NJX3HZN71563020~NM1*82*2*M M WIESE WAIBEL LCSW*****XX*1902991391~DTM*050*20130904~DTM*232*20130820~DTM*233*20130820~PER*CX*NJ DIRECT*TE*8006241110~AMT*AU*60~AMT*T2*50~SVC*HC:99199*125*50**1*HC:90834~DTM*472*20130820~CAS*PR*3*10~CAS*CO*45*65~REF*6R*0~REF*HPI*1902991391~AMT*B6*60~CLP*58800A130830*1*125*50*10*13*780271324768669   00**1~NM1*QC*1*BONILLA*NANCY****MI*NJX3HZN71563020~NM1*82*2*M M WIESE WAIBEL LCSW*****XX*1902991391~DTM*050*20130904~DTM*232*20130827~DTM*233*20130827~PER*CX*NJ DIRECT*TE*8006241110~AMT*AU*60~AMT*T2*50~SVC*HC:99199*125*50**1*HC:90834~DTM*472*20130827~CAS*PR*3*10~CAS*CO*45*65~REF*6R*0~REF*HPI*1902991391~AMT*B6*60~CLP*54700A130830*1*125*45*15*13*780271324703517   00**1~NM1*QC*1*CORNWELL*ELIZABETH****MI*3HZN852616900~NM1*74*1*CORNWELL*ELIZABETH*H***C*NJX3HZN85261690~NM1*82*2*M M WIESE WAIBEL LCSW*****XX*1902991391~DTM*050*20130904~DTM*232*20130819~DTM*233*20130819~PER*CX*NJ DIRECT*TE*8006241110~AMT*AU*60~AMT*T2*45~SVC*HC:99199*125*45**1*HC:90834~DTM*472*20130819~CAS*PR*3*15~CAS*CO*45*65~REF*6R*0~REF*HPI*1902991391~AMT*B6*60~CLP*56800A130830*1*125*45*15*13*780271324750904   00**1~NM1*QC*1*LENAHAN*MEAGHAN****MI*3HZN361915300~NM1*74*1*LENAHAN*MEAGHAN*M***C*NJX3HZN36191530~NM1*82*2*M M WIESE WAIBEL LCSW*****XX*1902991391~DTM*050*20130904~DTM*232*20130822~DTM*233*20130822~PER*CX*NJ DIRECT*TE*8006241110~AMT*AU*60~AMT*T2*45~SVC*HC:99199*125*45**1*HC:90834~DTM*472*20130822~CAS*PR*3*15~CAS*CO*45*65~REF*6R*0~REF*HPI*1902991391~AMT*B6*60~CLP*54800A130830*1*125*45*15*13*780271324752925   00**1~NM1*QC*1*MONDI*NICHOL****MI*NJX3HZN15469020~NM1*IL*1*MONDI*FREDERICK****MI*3HZN154690200~NM1*74*1*MONDI*FREDERICK*B***C*3HZN154690200~NM1*82*2*M M WIESE WAIBEL LCSW*****XX*1902991391~DTM*050*20130904~DTM*232*20130819~DTM*233*20130819~PER*CX*NJ DIRECT*TE*8006241110~AMT*AU*60~AMT*T2*45~SVC*HC:99199*125*45**1*HC:90834~DTM*472*20130819~CAS*PR*3*15~CAS*CO*45*65~REF*6R*0~REF*HPI*1902991391~AMT*B6*60~CLP*58200A130830*1*125*45*15*13*780271324700802   00**1~NM1*QC*1*PAONE*BARBARA*A***MI*NJX3HZN47086210~NM1*IL*1*PAONE*JOE****MI*3HZN470862100~NM1*74*1*PAONE*JOSEPH****C*3HZN470862100~NM1*82*2*M M WIESE WAIBEL LCSW*****XX*1902991391~DTM*050*20130904~DTM*232*20130826~DTM*233*20130826~PER*CX*NJ DIRECT*TE*8006241110~AMT*AU*60~AMT*T2*45~SVC*HC:99199*125*45**1*HC:90834~DTM*472*20130826~CAS*PR*3*15~CAS*CO*45*65~REF*6R*0~REF*HPI*1902991391~AMT*B6*60~SE*118*0003~ST*835*0004~BPR*I*30.16*C*CHK************20130906~TRN*1*0062097667*1220999690*8352013090704594140~REF*EV*1477603942~DTM*405*20130906~N1*PR*HORIZON BCBSNJ~N3*PAYOR ADDRESS 1~N4*NEWARK*NJ*071010420~REF*2U*22099~N1*PE*K G WAY PHD*XX*1477603942~N3*38 JUNIPER LN~N4*PISCATAWAY*NJ*088545632~REF*PQ*2645237360~REF*TJ*264523736~LX*1~CLP*21400A130816*1*150*30.16**15*780271324818385   00**1~NM1*QC*1*BERBAUM*JOANNE*I***MI*3HZN029957300~NM1*74*1*BERBAUM*JOANNE****C*3HZN02995730~NM1*82*2*K G WAY PHD*****XX*1477603942~DTM*050*20130905~DTM*232*20130802~DTM*233*20130802~PER*CX*MEDIGAP PLAN C 933*TE*8006241110~AMT*AU*85.05~AMT*T2*30.16~SVC*HC:99199*150*30.16**1*HC:90834~DTM*472*20130802~CAS*OA*23*119.84~REF*6R*0~REF*HPI*1477603942~AMT*B6*85.05~SE*32*0004~ST*835*0005~BPR*H*0*C*NON************20130906~TRN*1*QK31536842*1411289245*000087726~REF*EV*303663637~DTM*405*20130906~N1*PR*UNITED HEALTHCARE INSURANCE COMPANY*XV*87726~N3*EMPIRE MHSA SERVICE CENTER*PO BOX 5190~N4*KINGSTON*NY*124025190~REF*2U*87726~PER*CX*EMPIRE MHSA SERVICE CENTER*TE*8777697447~N1*PE*TRINA L SHUPTAR*FI*303663637~N3*6 WHIPPOORWILL LN~N4*BROOKFIELD*CT*068040000~LX*1~TS3*303663637*11*20131231*1*250~CLP*890719044*1*250*0**12*9097555881 0284483832*11~NM1*QC*1*JAKAJ*ZOE~NM1*IL*1*JAKAJ*JOHN****MI*890719044~REF*1L*715116~REF*CE*OPT PPO~DTM*050*20130903~DTM*232*20130504~DTM*233*20130513~SVC*HC:90834*125*0**1~DTM*472*20130504~CAS*CO*226*125~REF*6R*001~LQ*HE*N102~SVC*HC:90834*125*0**1~DTM*472*20130513~CAS*CO*226*125~REF*6R*002~LQ*HE*N102~SE*34*0005~ST*835*0006~BPR*I*40*C*CHK************20130906~TRN*1*208708*1521996029*000087726~DTM*405*20130907~N1*PR*UNITED HEALTHCARE INSURANCE COMPANY*XV*87726~N3*P.O. BOX 30535~N4*SALT LAKE CITY*UT*84130~REF*2U*87726~REF*EO*1805600003~N1*PE*NANCY SAXTON LOPEZ*XX*1053490193~N3*6 PROSPECT ST STE 3B~N4*MIDLAND PARK*NJ*074321634~REF*TJ*096386775~LX*1~CLP*745787263*1*125*40*20*15*13X333920500*11~NM1*QC*1*DOCK*COURTNEY****MI*15362694803~NM1*IL*1*DOCK*JOHN****MI*N32206428~NM1*74*1*DOCK*JOHN E****C*153626948~REF*1L*12130~REF*BB*NOT REQUIRED~REF*CE*NATL STD-MSW~DTM*050*20130904~AMT*AU*60~SVC*HC:90834*125*40**1~DTM*472*20130824~CAS*PR*3*20~CAS*CO*45*65~REF*6R*811745787263~AMT*B6*60~SE*30*0006~ST*835*0007~BPR*I*322*C*ACH*CCP*01*031100225*DA*2079950064280/*1220999690**01*231372691*DA*0181143836*20130907~TRN*1*0004196535*1220999690*8352013090903550809~REF*EV*1902991391~DTM*405*20130907~N1*PR*HORIZON BCBSNJ~N3*PAYOR ADDRESS 1~N4*NEWARK*NJ*071010420~REF*2U*22099~N1*PE*M M WIESE WAIBEL LCSW*XX*1902991391~N3*800 RARITAN RD~N4*CLARK*NJ*070661710~REF*PQ*2621359190~REF*TJ*262135919~LX*1~CLP*56300A130830*1*125*44*25*12*780261324789691   00**1~NM1*QC*1*KOVATCH*LISA****MI*ROQ5052733500~NM1*82*2*M M WIESE WAIBEL LCSW*****XX*1902991391~DTM*050*20130904~DTM*232*20130821~DTM*233*20130821~AMT*AU*69~AMT*T2*44~SVC*HC:99199*125*44**1*HC:90834~DTM*472*20130821~CAS*PR*3*25~CAS*CO*45*56~REF*6R*0~REF*HPI*1902991391~AMT*B6*69~CLP*56200A130830*1*125*49*20*12*780261324789692   00**1~NM1*QC*1*PRIBUSH*KATHLEEN****MI*DZVAN4492387~NM1*IL*1*PRIBUSH*JEFF****MI*DZVAN4492387~NM1*82*2*M M WIESE WAIBEL LCSW*****XX*1902991391~DTM*050*20130904~DTM*232*20130821~DTM*233*20130821~AMT*AU*69~AMT*T2*49~SVC*HC:99199*125*49**1*HC:90834~DTM*472*20130821~CAS*PR*3*20~CAS*CO*45*56~REF*6R*0~REF*HPI*1902991391~AMT*B6*69~CLP*59300A130830*1*125*49*20*12*780261324789829   00**1~NM1*QC*1*PRIBUSH*KATHLEEN****MI*DZVAN4492387~NM1*IL*1*PRIBUSH*JEFF****MI*DZVAN4492387~NM1*82*2*M M WIESE WAIBEL LCSW*****XX*1902991391~DTM*050*20130904~DTM*232*20130828~DTM*233*20130828~AMT*AU*69~AMT*T2*49~SVC*HC:99199*125*49**1*HC:90834~DTM*472*20130828~CAS*PR*3*20~CAS*CO*45*56~REF*6R*0~REF*HPI*1902991391~AMT*B6*69~CLP*57100A130830*1*125*45*15*13*780261324775985   00**1~NM1*QC*1*SOMERS*ELAINE****MI*YHQ3HZN03939260~NM1*IL*1*SOMERS*ROBERT****MI*3HZN039392600~NM1*82*2*M M WIESE WAIBEL LCSW*****XX*1902991391~DTM*050*20130904~DTM*232*20130823~DTM*233*20130823~PER*CX*HORIZON BLUE CROSS BLUE SHIELD OF NEW JERSEY DIRECT ACCESS*TE*8006241110~AMT*AU*60~AMT*T2*45~SVC*HC:99199*125*45**1*HC:90834~DTM*472*20130823~CAS*PR*3*15~CAS*CO*45*65~REF*6R*0~REF*HPI*1902991391~AMT*B6*60~CLP*53500A130830*1*125*45*15*13*780271324703477   00**1~NM1*QC*1*SOMERS*ELAINE****MI*YHQ3HZN03939260~NM1*IL*1*SOMERS*ROBERT****MI*3HZN039392600~NM1*82*2*M M WIESE WAIBEL LCSW*****XX*1902991391~DTM*050*20130904~DTM*232*20130816~DTM*233*20130816~PER*CX*HORIZON BLUE CROSS BLUE SHIELD OF NEW JERSEY DIRECT ACCESS*TE*8006241110~AMT*AU*60~AMT*T2*45~SVC*HC:99199*125*45**1*HC:90834~DTM*472*20130816~CAS*PR*3*15~CAS*CO*45*65~REF*6R*0~REF*HPI*1902991391~AMT*B6*60~CLP*26900A130819*1*125*0*125*13*780271324823340   00**1~CAS*PR*96*41.17~CAS*OA*96*-41.17~NM1*QC*1*TORRE*JOSEPH*J***MI*3HZN555919000~NM1*74*1*TORRE*JOSEPH****C*3HZN55591900~NM1*82*2*M M WIESE WAIBEL LCSW*****XX*1902991391~MOA***MA69~DTM*050*20130905~DTM*232*20130801~DTM*233*20130801~PER*CX*HORIZON BLUE CROSS BLUE SHIELD OF NEW JERSEY DIRECT ACCESS*TE*8006241110~SVC*HC:99199*125*0**1*HC:90834~DTM*472*20130801~CAS*PR*27*83.83~CAS*OA*23*41.17~REF*6R*0~REF*HPI*1902991391~CLP*56000A130830*1*125*35*25*13*780261324776906   00**1~NM1*QC*1*GRANT*MACY****MI*HSE3HZN63444600~NM1*IL*1*MOUNT*TIMOTHY****MI*3HZN634446000~NM1*74*1*MOUNT*TIMOTHY*S***C*3HZN634446000~NM1*82*2*M M WIESE WAIBEL LCSW*****XX*1902991391~DTM*050*20130904~DTM*232*20130821~DTM*233*20130821~PER*CX*NATIONAL ACCOUNTS POS*TE*8006244758~AMT*AU*60~AMT*T2*35~SVC*HC:99199*125*35**1*HC:90834~DTM*472*20130821~CAS*PR*3*25~CAS*CO*45*65~REF*6R*0~REF*HPI*1902991391~AMT*B6*60~CLP*57700A130830*1*125*35*25*13*780271324750902   00**1~NM1*QC*1*ORSINI*SUSAN*J***MI*HEF3HZN69937170~NM1*IL*1*ORSINI*NICHOLAS****MI*3HZN699371700~NM1*74*1*ORSINI*NICHOLAS*R***C*3HZN699371700~NM1*82*2*M M WIESE WAIBEL LCSW*****XX*1902991391~DTM*050*20130904~DTM*232*20130826~DTM*233*20130826~PER*CX*NATIONAL ACCOUNTS POS*TE*8006244758~AMT*AU*60~AMT*T2*35~SVC*HC:99199*125*35**1*HC:90834~DTM*472*20130826~CAS*PR*3*25~CAS*CO*45*65~REF*6R*0~REF*HPI*1902991391~AMT*B6*60~CLP*54000A130830*1*125*20*40*13*780271324700796   00**1~NM1*QC*1*SHAH*ROSEMARIE****MI*YHX3HZN89299890~NM1*IL*1*SHAH*H.R.****MI*3HZN892998900~NM1*74*1*SHAH*HASMUKH*R***C*3HZN892998900~NM1*82*2*M M WIESE WAIBEL LCSW*****XX*1902991391~DTM*050*20130904~DTM*232*20130816~DTM*233*20130816~PER*CX*NATIONAL ACCOUNTS POS*TE*8006244758~AMT*AU*60~AMT*T2*20~SVC*HC:99199*125*20**1*HC:90834~DTM*472*20130816~CAS*PR*3*40~CAS*CO*45*65~REF*6R*0~REF*HPI*1902991391~AMT*B6*60~SE*168*0007~ST*835*0008~BPR*I*30.16*C*CHK************20130907~TRN*1*0062113396*1220999690*8352013090904334064~REF*EV*1477603942~DTM*405*20130907~N1*PR*HORIZON BCBSNJ~N3*PAYOR ADDRESS 1~N4*NEWARK*NJ*071010420~REF*2U*22099~N1*PE*K G WAY PHD*XX*1477603942~N3*38 JUNIPER LN~N4*PISCATAWAY*NJ*088545632~REF*PQ*2645237360~REF*TJ*264523736~LX*1~CLP*39300A130820*1*150*30.16**15*780281324900926   00**1~NM1*QC*1*BERBAUM*JOANNE*I***MI*3HZN029957300~NM1*74*1*BERBAUM*JOANNE****C*3HZN02995730~NM1*82*2*K G WAY PHD*****XX*1477603942~DTM*050*20130906~DTM*232*20130816~DTM*233*20130816~PER*CX*MEDIGAP PLAN C 933*TE*8006241110~AMT*AU*85.05~AMT*T2*30.16~SVC*HC:99199*150*30.16**1*HC:90834~DTM*472*20130816~CAS*OA*23*119.84~REF*6R*0~REF*HPI*1477603942~AMT*B6*85.05~SE*32*0008~ST*835*0009~BPR*H*0*C*NON************20130907~TRN*1*0015508920*1220999690*8352013090904091934~REF*EV*1588960942~DTM*405*20130907~N1*PR*HORIZON BCBSNJ~N3*PAYOR ADDRESS 1~N4*NEWARK*NJ*071010420~REF*2U*22099~N1*PE*LEGACY CONSULTING LLC*XX*1588960942~N3*18 WALLACE ST~N4*RED BANK*NJ*077011857~REF*PQ*2712946760~REF*TJ*271294676~LX*1~CLP*DIMODP*4*.01*0**13*780261323975586   00**1~NM1*QC*1*DIMODUGNO*PATRICIA*E***MI*3HZN85074510~NM1*82*2*LEGACY CONSULTING LLC*****XX*1588960942~DTM*050*20130826~DTM*232*20120823~DTM*233*20120823~PER*CX*NJ DIRECT*TE*8006241110~SVC*HC:99199*.01*0**1*HC:90834~DTM*472*20120823~CAS*CO*181*.01~REF*6R*000001~REF*HPI*1588960942~SE*28*0009~ST*835*0010~BPR*I*49*C*CHK************20130906~TRN*1*156831546*1220999690*22099~DTM*405*20130906~N1*PR*HORIZON BCBSNJ~N3*3 PENN PLAZA~N4*NEWARK*NJ*071010420~REF*2U*22099~PER*CX**TE*8883349242~N1*PE*M M WIESE WAIBEL LCSW*XX*1902991391~N3*800 RARITAN ROAD~N4*CLARK*NJ*070661710~REF*TJ*262135919~LX*1~CLP*56500A130830*1*125*49*20*12*27132470351900780*11*1~NM1*QC*1*MULLIGAN*CHERYL****MI*R58027107~NM1*IL*1*MULLIGAN*THOMAS****MI*R58027107~DTM*050*20130904~DTM*232*20130822~AMT*AU*69~SVC*HC:90834*125*49**1~DTM*472*20130822~CAS*PR*2*20~CAS*CO*45*56~REF*6R*0~AMT*B6*69~SE*27*0010~GE*10*153322384~IEA*1*153322384~
