ISA*00*          *00*          *ZZ*330897513      *ZZ*ASSOCIATEDBC   *130911*1823*^*00501*153322373*0*P*:~GS*HP*330897513*ASSOCIATEDBC*20130911*1823*153322373*X*005010X221A1~ST*835*0001~BPR*I*247.02*C*ACH*CCP*01*081517693*DA*152302017073*1205296137**01*221271935*DA*023856318*20130906~TRN*1*885904544*1205296137~REF*EV*1929361~DTM*405*20130905~N1*PR*NOVITAS SOLUTIONS, INC.~N3*PO BOX 3031~N4*MECHANICSBURG*PA*170551803~REF*2U*12402~PER*CX**TE*8772358073~PER*BL*NOVITAS SOLUTIONS, INC. EDI SERVICES*TE*8772358073*EX*1*EM*WEBSITEEDI@NOVITAS_SOLUTIONS.COM~N1*PE*NANCY J. SAXTON LOPEZ  CSW*XX*1053490193~N3*SUITE 3C*6 PROSPECT STREET~N4*MIDLAND PARK*NJ*074321634~REF*TJ*096386775~LX*1~CLP*NANCY SAXT0NL*19*125*41.17*22.62*MB*0813220006170*11~NM1*QC*1*BAUER JR*WALTER*W***HN*146286708A~NM1*TT*2*HORIZON BCBS OF NEW JERSEY*****PI*00019~MOA***MA01*MA18~DTM*050*20130808~SVC*HC:90834*125*41.17**1~DTM*472*20130724~CAS*CO*45*60.37**223*0.84~CAS*PR*2*10.5**122*12.12~REF*6R*LX#01~REF*LU*11~AMT*B6*64.63~CLP*NANCY SAXT0NL*19*250*82.34*45.24*MB*0813220006180*11~NM1*QC*1*BOCCHINO*MARIANNE****HN*156327016A~NM1*TT*2*HORIZON BCBS OF NEW JERSEY*****PI*80003~MOA***MA01*MA18~DTM*050*20130808~SVC*HC:90834*125*41.17**1~DTM*472*20130717~CAS*CO*45*60.37**223*0.84~CAS*PR*2*10.5**122*12.12~REF*6R*LX#01~REF*LU*11~AMT*B6*64.63~SVC*HC:90834*125*41.17**1~DTM*472*20130725~CAS*CO*45*60.37**223*0.84~CAS*PR*2*10.5**122*12.12~REF*6R*LX#02~REF*LU*11~AMT*B6*64.63~CLP*NANCY SAXT0NL*19*125*41.17*22.62*MB*0813220006190*11~NM1*QC*1*DANIEL*JANE****HN*058402469T~NM1*TT*2*UNITEDHEALTHCARE*****PI*00082~MOA***MA01*MA27*MA18~DTM*050*20130808~SVC*HC:90834*125*41.17**1~DTM*472*20130727~CAS*CO*45*60.37**223*0.84~CAS*PR*2*10.5**122*12.12~REF*6R*LX#01~REF*LU*11~AMT*B6*64.63~CLP*075404819 T*19*125*41.17*22.62*MB*0813220006200*11~NM1*QC*1*HEMPHILL*PATRICIA****HN*075404819T~NM1*TT*2*UNITEDHEALTH GROUP*****PI*30002~MOA***MA01*MA18~DTM*050*20130808~SVC*HC:90834*125*41.17**1~DTM*472*20130719~CAS*CO*45*60.37**223*0.84~CAS*PR*2*10.5**122*12.12~REF*6R*LX#01~REF*LU*11~AMT*B6*64.63~CLP*0*19*125*41.17*22.62*MB*0813220006210*11~NM1*QC*1*LAURITANO*BETSY****HN*147344697A~NM1*TT*2*HORIZON BCBS OF NEW JERSEY*****PI*30013~MOA***MA01*MA18~DTM*050*20130808~SVC*HC:90834*125*41.17**1~DTM*472*20130716~CAS*CO*45*60.37**223*0.84~CAS*PR*2*10.5**122*12.12~REF*6R*LX#01~REF*LU*11~AMT*B6*64.63~SE*84*0001~ST*835*0002~BPR*I*658.72*C*ACH*CCP*01*081517693*DA*152302017073*1205296137**01*021200339*DA*009001064684*20130906~TRN*1*885905019*1205296137~REF*EV*1929361~DTM*405*20130905~N1*PR*NOVITAS SOLUTIONS, INC.~N3*PO BOX 3031~N4*MECHANICSBURG*PA*170551803~REF*2U*12402~PER*CX**TE*8772358073~PER*BL*NOVITAS SOLUTIONS, INC. EDI SERVICES*TE*8772358073*EX*1*EM*WEBSITEEDI@NOVITAS_SOLUTIONS.COM~N1*PE*EUNICE P. EUROPA*XX*1205985884~N3*28 MORRIS ROAD~N4*TENAFLY*NJ*076702427~REF*TJ*141305923~LX*1~CLP*092368750 M*19*450*123.51*67.86*MB*0813220005920*11~NM1*QC*1*FOX*LINDA****HN*092368750M~NM1*TT*2*NJ DEPT. OF HUMAN SERVICES*****PI*70079~MOA***MA01*MA07~DTM*050*20130808~SVC*HC:90834*150*41.17**1~DTM*472*20130717~CAS*CO*45*85.37**223*0.84~CAS*PR*2*10.5**122*12.12~REF*6R*LX#01~REF*LU*11~AMT*B6*64.63~SVC*HC:90834*150*41.17**1~DTM*472*20130724~CAS*CO*45*85.37**223*0.84~CAS*PR*2*10.5**122*12.12~REF*6R*LX#02~REF*LU*11~AMT*B6*64.63~SVC*HC:90834*150*41.17**1~DTM*472*20130730~CAS*CO*45*85.37**223*0.84~CAS*PR*2*10.5**122*12.12~REF*6R*LX#03~REF*LU*11~AMT*B6*64.63~CLP*155324974A*1*900*247.02*135.72*MB*0813220005950*11~NM1*QC*1*GOODNOUGH*SUSAN****HN*155324974A~MOA***MA01~DTM*050*20130808~SVC*HC:90834*150*41.17**1~DTM*472*20130716~CAS*CO*45*85.37**223*0.84~CAS*PR*2*10.5**122*12.12~REF*6R*LX#01~REF*LU*11~AMT*B6*64.63~SVC*HC:90834*150*41.17**1~DTM*472*20130717~CAS*CO*45*85.37**223*0.84~CAS*PR*2*10.5**122*12.12~REF*6R*LX#02~REF*LU*11~AMT*B6*64.63~SVC*HC:90834*150*41.17**1~DTM*472*20130723~CAS*CO*45*85.37**223*0.84~CAS*PR*2*10.5**122*12.12~REF*6R*LX#03~REF*LU*11~AMT*B6*64.63~SVC*HC:90834*150*41.17**1~DTM*472*20130724~CAS*CO*45*85.37**223*0.84~CAS*PR*2*10.5**122*12.12~REF*6R*LX#04~REF*LU*11~AMT*B6*64.63~SVC*HC:90834*150*41.17**1~DTM*472*20130730~CAS*CO*45*85.37**223*0.84~CAS*PR*2*10.5**122*12.12~REF*6R*LX#05~REF*LU*11~AMT*B6*64.63~SVC*HC:90834*150*41.17**1~DTM*472*20130731~CAS*CO*45*85.37**223*0.84~CAS*PR*2*10.5**122*12.12~REF*6R*LX#06~REF*LU*11~AMT*B6*64.63~CLP*156303340A*1*500*164.68*90.48*MB*0813220005940*11~NM1*QC*1*ST JOHN*CAROL*C***HN*156303340A~MOA***MA01~DTM*050*20130808~SVC*HC:90834*125*41.17**1~DTM*472*20130716~CAS*CO*45*60.37**223*0.84~CAS*PR*2*10.5**122*12.12~REF*6R*LX#01~REF*LU*11~AMT*B6*64.63~SVC*HC:90834*125*41.17**1~DTM*472*20130723~CAS*CO*45*60.37**223*0.84~CAS*PR*2*10.5**122*12.12~REF*6R*LX#02~REF*LU*11~AMT*B6*64.63~SVC*HC:90834*125*41.17**1~DTM*472*20130730~CAS*CO*45*60.37**223*0.84~CAS*PR*2*10.5**122*12.12~REF*6R*LX#03~REF*LU*11~AMT*B6*64.63~SVC*HC:90834*125*41.17**1~DTM*472*20130731~CAS*CO*45*60.37**223*0.84~CAS*PR*2*10.5**122*12.12~REF*6R*LX#04~REF*LU*11~AMT*B6*64.63~CLP*153522271A*1*450*123.51*67.86*MB*0813220005930*11~NM1*QC*1*WINE*DONNA****HN*153522271A~MOA***MA01~DTM*050*20130808~SVC*HC:90834*150*41.17**1~DTM*472*20130716~CAS*CO*45*85.37**223*0.84~CAS*PR*2*10.5**122*12.12~REF*6R*LX#01~REF*LU*11~AMT*B6*64.63~SVC*HC:90834*150*41.17**1~DTM*472*20130723~CAS*CO*45*85.37**223*0.84~CAS*PR*2*10.5**122*12.12~REF*6R*LX#02~REF*LU*11~AMT*B6*64.63~SVC*HC:90834*150*41.17**1~DTM*472*20130724~CAS*CO*45*85.37**223*0.84~CAS*PR*2*10.5**122*12.12~REF*6R*LX#03~REF*LU*11~AMT*B6*64.63~SE*146*0002~ST*835*0003~BPR*I*658.68*C*ACH*CCP*01*081517693*DA*152302017073*1205296137**01*021200025*DA*2000031302801*20130906~TRN*1*885907281*1205296137~REF*EV*1929361~DTM*405*20130905~N1*PR*NOVITAS SOLUTIONS, INC.~N3*PO BOX 3031~N4*MECHANICSBURG*PA*170551803~REF*2U*12402~PER*CX**TE*8772358073~PER*BL*NOVITAS SOLUTIONS, INC. EDI SERVICES*TE*8772358073*EX*1*EM*WEBSITEEDI@NOVITAS_SOLUTIONS.COM~N1*PE*DAVID SIEGMAN  CP*XX*1306926589~N3*STE 140*47 RARITAN AVE~N4*HIGHLAND PARK*NJ*089042440~REF*TJ*300450564~LX*1~CLP*135363133 A*19*180*54.89*30.16*MB*0813220006080*11~NM1*QC*1*GALLOF*CAROLE*S***HN*135363133A~NM1*TT*2*AMERICAN CONTINENTAL INSU.*****PI*30074~MOA***MA01*MA18~DTM*050*20130808~SVC*HC:90834*180*54.89**1~DTM*472*20130726~CAS*CO*45*93.83**223*1.12~CAS*PR*2*14**122*16.16~REF*6R*LX#01~REF*LU*11~AMT*B6*86.17~CLP*135363133A*19*540*164.67*90.48*MB*0813220006100*11~NM1*QC*1*GALLOF*CAROLE*S***HN*135363133A~NM1*TT*2*AMERICAN CONTINENTAL INSU.*****PI*30074~MOA***MA01*MA18~DTM*050*20130808~SVC*HC:90834*180*54.89**1~DTM*472*20130716~CAS*CO*45*93.83**223*1.12~CAS*PR*2*14**122*16.16~REF*6R*LX#01~REF*LU*11~AMT*B6*86.17~SVC*HC:90834*180*54.89**1~DTM*472*20130719~CAS*CO*45*93.83**223*1.12~CAS*PR*2*14**122*16.16~REF*6R*LX#02~REF*LU*11~AMT*B6*86.17~SVC*HC:90834*180*54.89**1~DTM*472*20130723~CAS*CO*45*93.83**223*1.12~CAS*PR*2*14**122*16.16~REF*6R*LX#03~REF*LU*11~AMT*B6*86.17~CLP*DAV1D S1EGMAN*19*360*109.78*60.32*MB*0813220006110*11~NM1*QC*1*GOLDSCHMIDT*HARVEY****HN*102385971T~NM1*TT*2*HORIZON BCBS OF NEW JERSEY*****PI*00019~MOA***MA01*MA18*N89~DTM*050*20130808~SVC*HC:90834*180*54.89**1~DTM*472*20130718~CAS*CO*45*93.83**223*1.12~CAS*PR*2*14**122*16.16~REF*6R*LX#01~REF*LU*11~AMT*B6*86.17~SVC*HC:90834*180*54.89**1~DTM*472*20130725~CAS*CO*45*93.83**223*1.12~CAS*PR*2*14**122*16.16~REF*6R*LX#02~REF*LU*11~AMT*B6*86.17~CLP*155344826 A*19*180*54.89*30.16*MB*0813220006090*11~NM1*QC*1*HENRY*LYNNE****HN*155344826A~NM1*TT*2*UNITEDHEALTHCARE*****PI*00082~MOA***MA01*MA18~DTM*050*20130808~SVC*HC:90834*180*54.89**1~DTM*472*20130726~CAS*CO*45*93.83**223*1.12~CAS*PR*2*14**122*16.16~REF*6R*LX#01~REF*LU*11~AMT*B6*86.17~CLP*155344826 A*19*180*54.89*30.16*MB*0813220006120*11~NM1*QC*1*HENRY*LYNNE****HN*155344826A~NM1*TT*2*UNITEDHEALTHCARE*****PI*00082~MOA***MA01*MA18~DTM*050*20130808~SVC*HC:90834*180*54.89**1~DTM*472*20130716~CAS*CO*45*93.83**223*1.12~CAS*PR*2*14**122*16.16~REF*6R*LX#01~REF*LU*11~AMT*B6*86.17~CLP*143527616 A*19*180*54.89*30.16*MB*0813220006130*11~NM1*QC*1*MINDELL*STEPHEN****HN*143527616A~NM1*TT*2*UNITEDHEALTH GROUP*****PI*30002~MOA***MA01*MA18~DTM*050*20130808~SVC*HC:90834*180*54.89**1~DTM*472*20130719~CAS*CO*45*93.83**223*1.12~CAS*PR*2*14**122*16.16~REF*6R*LX#01~REF*LU*11~AMT*B6*86.17~CLP*0*19*180*54.89*30.16*MB*0813220006140*11~NM1*QC*1*ROTHWEILER*L*N***HN*149280307A~NM1*TT*2*CONNECTICUT GENERAL LIFE INS CO*****PI*00018~MOA***MA01*MA18~DTM*050*20130808~SVC*HC:90834*180*54.89**1~DTM*472*20130719~CAS*CO*45*93.83**223*1.12~CAS*PR*2*14**122*16.16~REF*6R*LX#01~REF*LU*11~AMT*B6*86.17~CLP*135363385 A*19*180*54.89*30.16*MB*0813220006150*11~NM1*QC*1*SCHREIBER*BARRY*J***HN*135363385A~NM1*TT*2*UNITEDHEALTHCARE*****PI*00082~MOA***MA01*MA18~DTM*050*20130808~SVC*HC:90834*180*54.89**1~DTM*472*20130725~CAS*CO*45*93.83**223*1.12~CAS*PR*2*14**122*16.16~REF*6R*LX#01~REF*LU*11~AMT*B6*86.17~CLP*229235846A*1*180*54.89*30.16*MB*0813220006160*11~NM1*QC*1*SHAWKY*NOHA*B***HN*229235846A~MOA***MA01~DTM*050*20130808~SVC*HC:90834*180*54.89**1~DTM*472*20130725~CAS*CO*45*93.83**223*1.12~CAS*PR*2*14**122*16.16~REF*6R*LX#01~REF*LU*11~AMT*B6*86.17~SE*145*0003~ST*835*0004~BPR*I*140.95*C*ACH*CCP*01*081517693*DA*152302017073*1205296137**01*031201360*DA*7863229386*20130906~TRN*1*885907063*1205296137~REF*EV*1929361~DTM*405*20130905~N1*PR*NOVITAS SOLUTIONS, INC.~N3*PO BOX 3031~N4*MECHANICSBURG*PA*170551803~REF*2U*12402~PER*CX**TE*8772358073~PER*BL*NOVITAS SOLUTIONS, INC. EDI SERVICES*TE*8772358073*EX*1*EM*WEBSITEEDI@NOVITAS_SOLUTIONS.COM~N1*PE*BERNARD E. BILICKI  CP*XX*1730286782~N3*UNIT 2A*295 GEMINI DRIVE~N4*HILLSBOROUGH*NJ*088444976~REF*TJ*142464911~LX*1~CLP*0*1*175*54.89*30.16*MB*0813220006330*11~NM1*QC*1*EDELMAN*HOWARD****HN*114543200A~MOA***MA01~DTM*050*20130808~SVC*HC:90834*175*54.89**1~DTM*472*20130705~CAS*CO*45*88.83**223*1.12~CAS*PR*2*14**122*16.16~REF*6R*LX#01~REF*LU*11~AMT*B6*86.17~CLP*0*19*109.77*86.06*21.95*MB*0813220006320*11~NM1*QC*1*MOORE*GREG****HN*136408583T~NM1*TT*2*HORIZON BCBS OF NEW JERSEY*****PI*00019~MOA***MA01*MA18~DTM*050*20130808~SVC*HC:90791*109.77*86.06**1~DTM*472*20130720~CAS*CO*223*1.76~CAS*PR*2*21.95~REF*6R*LX#01~REF*LU*11~AMT*B6*109.77~SE*40*0004~ST*835*0005~BPR*I*548.9*C*ACH*CCP*01*081517693*DA*152302017073*1205296137**01*221981063*DA*605274550000*20130906~TRN*1*885905898*1205296137~REF*EV*1929361~DTM*405*20130905~N1*PR*NOVITAS SOLUTIONS, INC.~N3*PO BOX 3031~N4*MECHANICSBURG*PA*170551803~REF*2U*12402~PER*CX**TE*8772358073~PER*BL*NOVITAS SOLUTIONS, INC. EDI SERVICES*TE*8772358073*EX*1*EM*WEBSITEEDI@NOVITAS_SOLUTIONS.COM~N1*PE*CATHERINE BIANCHI  CP*XX*1801923404~N3*44 ELM STREET~N4*MORRISTOWN*NJ*079604110~REF*TJ*056605274~LX*1~CLP*CATHER1NE B1A*19*570*164.67*90.48*MB*0813220005890*11~NM1*QC*1*BELFORD*LINDA****HN*148366600A~NM1*TT*2*HORIZON BCBS OF NEW JERSEY*****PI*00019~MOA***MA01*MA18~DTM*050*20130808~SVC*HC:90834*190*54.89**1~DTM*472*20130710~CAS*CO*45*103.83**223*1.12~CAS*PR*2*14**122*16.16~REF*6R*LX#01~REF*LU*11~AMT*B6*86.17~SVC*HC:90834*190*54.89**1~DTM*472*20130717~CAS*CO*45*103.83**223*1.12~CAS*PR*2*14**122*16.16~REF*6R*LX#02~REF*LU*11~AMT*B6*86.17~SVC*HC:90834*190*54.89**1~DTM*472*20130729~CAS*CO*45*103.83**223*1.12~CAS*PR*2*14**122*16.16~REF*6R*LX#03~REF*LU*11~AMT*B6*86.17~CLP*0*19*102.65*54.89*30.16*MB*0813220005900*11~NM1*QC*1*FANNING*PHILIP*A***HN*140429567A~NM1*TT*2*UNITEDHEALTH GROUP*****PI*30002~MOA***MA01*MA18~DTM*050*20130808~SVC*HC:90834*102.65*54.89**1~DTM*472*20130725~CAS*CO*45*16.48**223*1.12~CAS*PR*2*14**122*16.16~REF*6R*LX#01~REF*LU*11~AMT*B6*86.17~CLP*0*19*615.9*329.34*180.96*MB*0813220005910*11~NM1*QC*1*NORDSTROM*KATHLEEN*R***HN*150482577A~NM1*TT*2*HORIZON BCBS OF NEW JERSEY*****PI*30013~MOA***MA01*MA18~DTM*050*20130808~SVC*HC:90834*102.65*54.89**1~DTM*472*20130708~CAS*CO*45*16.48**223*1.12~CAS*PR*2*14**122*16.16~REF*6R*LX#01~REF*LU*11~AMT*B6*86.17~SVC*HC:90834*102.65*54.89**1~DTM*472*20130711~CAS*CO*45*16.48**223*1.12~CAS*PR*2*14**122*16.16~REF*6R*LX#02~REF*LU*11~AMT*B6*86.17~SVC*HC:90834*102.65*54.89**1~DTM*472*20130718~CAS*CO*45*16.48**223*1.12~CAS*PR*2*14**122*16.16~REF*6R*LX#03~REF*LU*11~AMT*B6*86.17~SVC*HC:90834*102.65*54.89**1~DTM*472*20130722~CAS*CO*45*16.48**223*1.12~CAS*PR*2*14**122*16.16~REF*6R*LX#04~REF*LU*11~AMT*B6*86.17~SVC*HC:90834*102.65*54.89**1~DTM*472*20130725~CAS*CO*45*16.48**223*1.12~CAS*PR*2*14**122*16.16~REF*6R*LX#05~REF*LU*11~AMT*B6*86.17~SVC*HC:90834*102.65*54.89**1~DTM*472*20130729~CAS*CO*45*16.48**223*1.12~CAS*PR*2*14**122*16.16~REF*6R*LX#06~REF*LU*11~AMT*B6*86.17~SE*102*0005~ST*835*0006~BPR*I*54.89*C*ACH*CCP*01*081517693*DA*152302017073*1205296137**01*021200339*DA*000928119459*20130906~TRN*1*885907188*1205296137~REF*EV*1929361~DTM*405*20130905~N1*PR*NOVITAS SOLUTIONS, INC.~N3*PO BOX 3031~N4*MECHANICSBURG*PA*170551803~REF*2U*12402~PER*CX**TE*8772358073~PER*BL*NOVITAS SOLUTIONS, INC. EDI SERVICES*TE*8772358073*EX*1*EM*WEBSITEEDI@NOVITAS_SOLUTIONS.COM~N1*PE*MELANIE A. CALLENDER*XX*1851330955~N3*SUITE 201*29 CLYDE RD~N4*SOMERSET*NJ*088735040~REF*TJ*223314263~LX*1~CLP*0*19*140*54.89*30.16*MB*0813220006310*11~NM1*QC*1*BEATHEA*RACHEL****HN*222265529A~NM1*TT*2*HORIZON BCBS OF NEW JERSEY*****PI*00019~MOA***MA01*MA18~DTM*050*20130808~SVC*HC:90834*140*54.89**1~DTM*472*20130725~CAS*CO*45*53.83**223*1.12~CAS*PR*2*14**122*16.16~REF*6R*LX#01~REF*LU*11~AMT*B6*86.17~SE*29*0006~ST*835*0007~BPR*I*288.19*C*ACH*CCP*01*081517693*DA*152302017073*1205296137**01*231372691*DA*0181143836*20130906~TRN*1*885904017*1205296137~REF*EV*1929361~DTM*405*20130905~N1*PR*NOVITAS SOLUTIONS, INC.~N3*PO BOX 3031~N4*MECHANICSBURG*PA*170551803~REF*2U*12402~PER*CX**TE*8772358073~PER*BL*NOVITAS SOLUTIONS, INC. EDI SERVICES*TE*8772358073*EX*1*EM*WEBSITEEDI@NOVITAS_SOLUTIONS.COM~N1*PE*MAUREEN WIESE WAIBEL  CSW*XX*1902991391~N3*800 RARITAN ROAD~N4*CLARK*NJ*070661710~REF*TJ*262135919~LX*1~CLP*140345760B*19*125*41.17*22.62*MB*0813220005960*11~NM1*QC*1*ANDROLOWICZ*ROSE****HN*140345760B~NM1*TT*2*HORIZON BCBS OF NEW JERSEY*****PI*80003~MOA***MA01*MA27*MA18*N89~DTM*050*20130808~SVC*HC:90834*125*41.17**1~DTM*472*20130730~CAS*CO*45*60.37**223*0.84~CAS*PR*2*10.5**122*12.12~REF*6R*LX#01~REF*LU*11~AMT*B6*64.63~CLP*143342949A*19*125*41.17*22.62*MB*0813220006000*11~NM1*QC*1*COSQUER*DOLORES****HN*143342949A~NM1*TT*2*HORIZON BCBS OF NEW JERSEY*****PI*00019~MOA***MA01*MA18~DTM*050*20130808~SVC*HC:90834*125*41.17**1~DTM*472*20130731~CAS*CO*45*60.37**223*0.84~CAS*PR*2*10.5**122*12.12~REF*6R*LX#01~REF*LU*11~AMT*B6*64.63~CLP*36300A130820*19*125*41.17*22.62*MB*0913235264950*11*1~NM1*QC*1*COSQUER*DELORES****HN*143342949A~NM1*TT*2*HORIZON BCBS OF NEW JERSEY*****PI*00019~MOA***MA01*MA18~DTM*050*20130823~SVC*HC:90834*125*41.17**1~DTM*472*20130814~CAS*CO*45*60.37**223*0.84~CAS*PR*2*10.5**122*12.12~REF*6R*26536300A130820~REF*LU*11~AMT*B6*64.63~CLP*152249968A*19*125*41.17*22.62*MB*0813220006010*11~NM1*QC*1*FETICS*MARY****HN*152249968A~NM1*TT*2*UNITEDHEALTH GROUP*****PI*30002~MOA***MA01*MA18~DTM*050*20130808~SVC*HC:90834*125*41.17**1~DTM*472*20130730~CAS*CO*45*60.37**223*0.84~CAS*PR*2*10.5**122*12.12~REF*6R*LX#01~REF*LU*11~AMT*B6*64.63~CLP*135849111A*1*125*41.17*22.62*MB*0813220006020*11~NM1*QC*1*GANNON*KIMBERLY****HN*135849111A~MOA***MA01~DTM*050*20130808~SVC*HC:90834*125*41.17**1~DTM*472*20130725~CAS*CO*45*60.37**223*0.84~CAS*PR*2*10.5**122*12.12~REF*6R*LX#01~REF*LU*11~AMT*B6*64.63~CLP*157662010 A*1*250*82.34*45.24*MB*0813220006030*11~NM1*QC*1*LIPARI*BARBARA****HN*157662010A~MOA***MA01~DTM*050*20130808~SVC*HC:90834*125*41.17**1~DTM*472*20130722~CAS*CO*45*60.37**223*0.84~CAS*PR*2*10.5**122*12.12~REF*6R*LX#01~REF*LU*11~AMT*B6*64.63~SVC*HC:90834*125*41.17**1~DTM*472*20130731~CAS*CO*45*60.37**223*0.84~CAS*PR*2*10.5**122*12.12~REF*6R*LX#02~REF*LU*11~AMT*B6*64.63~SE*94*0007~ST*835*0008~BPR*I*220.68*C*CHK************20130906~TRN*1*0014203809*1411648670~REF*EV*870426777~DTM*405*20130906~N1*PR*CIGNA BEHAVIORAL HEALTH~N3*PO BOX 46270~N4*EDEN PRAIRIE*MN*55344~PER*BL*HP*EM*CLAIMS.INTAKE.APP.SUPPORT@HP.COM~PER*IC**UR*WWW.CIGNAFORHCP.COM~PER*CX*CUSTOMER SERVICE*TE*8009262273~N1*PE*DEBRA CHATMAN- FINLEY LPC LLC*XX*1346469632~N3*134 W END AVE 2ND FL~N4*SOMERVILLE*NJ*08876~REF*TJ*264224733~LX*1~CLP*50100A130827*1*150*60*10*13*13239Z3146*11*1~NM1*QC*1*SMITH*TIFFANY****MI*U1370305401~NM1*82*1*CHATMAN-FINLEY*DEBRA*D***FI*138465585~REF*1L*3178132~REF*CE*NETWORK POS DPP1 W/TELEPHONIC~DTM*050*20130828~DTM*232*20130820~DTM*233*20130820~PER*CX*CUSTOMER SERVICE*TE*8009262273~AMT*AU*70~SVC*HC:90834*150*60**1~CAS*CO*45*80~CAS*PR*3*10~REF*6R*0~REF*0K*3178132~AMT*B6*70~CLP*44700A130823*1*150*100.68*10*13*13235Z3376*11*1~NM1*QC*1*SMITH*TIFFANY****MI*U1370305401~NM1*82*1*CHATMAN-FINLEY*DEBRA*D***FI*138465585~REF*1L*3178132~REF*CE*NETWORK POS DPP1 W/TELEPHONIC~DTM*050*20130825~DTM*232*20130806~DTM*233*20130806~PER*CX*CUSTOMER SERVICE*TE*8009262273~AMT*AU*110.68~SVC*HC:90791*150*100.68**1~CAS*CO*45*39.32~CAS*PR*3*10~REF*6R*0~REF*0K*3178132~AMT*B6*110.68~CLP*48300A130827*1*150*60*10*13*13239Z3320*11*1~NM1*QC*1*SMITH*TIFFANY****MI*U1370305401~NM1*82*1*CHATMAN-FINLEY*DEBRA*D***FI*138465585~REF*1L*3178132~REF*CE*NETWORK POS DPP1 W/TELEPHONIC~DTM*050*20130828~DTM*232*20130813~DTM*233*20130813~PER*CX*CUSTOMER SERVICE*TE*8009262273~AMT*AU*70~SVC*HC:90834*150*60**1~CAS*CO*45*80~CAS*PR*3*10~REF*6R*0~REF*0K*3178132~AMT*B6*70~SE*65*0008~ST*835*0009~BPR*I*55*C*CHK************20130906~TRN*1*0014204916*1411648670~REF*EV*870426777~DTM*405*20130906~N1*PR*CIGNA BEHAVIORAL HEALTH~N3*PO BOX 46270~N4*EDEN PRAIRIE*MN*55344~PER*BL*HP*EM*CLAIMS.INTAKE.APP.SUPPORT@HP.COM~PER*IC**UR*WWW.CIGNAFORHCP.COM~PER*CX*CUSTOMER SERVICE*TE*8009262273~N1*PE*MAUREEN WIESE-WAIBEL LLC*XX*1902991391~N3*800 RARITAN RD~N4*CLARK*NJ*07066~REF*TJ*262135919~LX*1~CLP*36600A130820*1*125*55*15*13*13232Z3344*11*1~NM1*QC*1*GERSTNER*TARA****MI*U4422695201~NM1*82*1*WIESE-WAIBEL*MAUREEN****FI*119567146~REF*1L*3216572~REF*CE*NETWORK POS DPP1 W/TELEPHONIC~DTM*050*20130821~DTM*232*20130814~DTM*233*20130814~PER*CX*CUSTOMER SERVICE*TE*8009262273~AMT*AU*70~SVC*HC:90834*125*55**1~CAS*CO*45*55~CAS*PR*3*15~REF*6R*0~REF*0K*3216572~AMT*B6*70~SE*33*0009~ST*835*0010~BPR*I*100*C*CHK************20130904~TRN*1*334781311*1060303370~REF*EV*870426777~REF*F2*1~DTM*405*20130907~N1*PR*CONNECTICUT GENERAL LIFE INSURANCE COMPANY~N3*P.O. BOX 182223~N4*CHATTANOOGA*TN*374227223~PER*BL*HP*EM*CLAIMS.INTAKE.APP.SUPPORT@HP.COM~PER*IC**UR*WWW.CIGNAFORHCP.COM~N1*PE*MAUREEN WIESE-WAIBEL MSW*XX*1902991391~N3*800 RARITAN RD~N4*CLARK*NJ*070661710~REF*TJ*262135919~LX*1~CLP*56400A130830*1*125*50*20*13*7681324693761*11*1~NM1*QC*1*MCANDREW*PATRICIA****MI*U3513948001~NM1*82*1*WIESE-WAIBEL*MAUREEN****FI*262135919~REF*1L*3210608~REF*CE*OPEN ACCESS PLUS IN-NETWORK~DTM*050*20130831~DTM*232*20130821~DTM*233*20130821~PER*CX*MEMBER SERVICES*TE*8002446224~AMT*AU*70~SVC*HC:90834*125*50**1~CAS*CO*45*55~CAS*PR*3*20~REF*6R*0~AMT*B6*70~CLP*59400A130830*1*125*50*20*13*7681324693766*11*1~NM1*QC*1*MCANDREW*PATRICIA****MI*U3513948001~NM1*82*1*WIESE-WAIBEL*MAUREEN****FI*262135919~REF*1L*3210608~REF*CE*OPEN ACCESS PLUS IN-NETWORK~DTM*050*20130831~DTM*232*20130828~DTM*233*20130828~PER*CX*MEMBER SERVICES*TE*8002446224~AMT*AU*70~SVC*HC:90834*125*50**1~CAS*CO*45*55~CAS*PR*3*20~REF*6R*0~AMT*B6*70~SE*47*0010~ST*835*0011~BPR*I*56*C*CHK************20130904~TRN*1*334784904*1591031071~REF*EV*870426777~REF*F2*1~DTM*405*20130907~N1*PR*CIGNA HEALTH AND LIFE INSURANCE COMPANY~N3*P. O. BOX 182223~N4*CHATTANOOGA*TN*374227223~PER*BL*HP*EM*CLAIMS.INTAKE.APP.SUPPORT@HP.COM~PER*IC**UR*WWW.CIGNAFORHCP.COM~N1*PE*MAUREEN WIESE-WAIBEL MSW*XX*1902991391~N3*800 RARITAN RD~N4*CLARK*NJ*070661710~REF*TJ*262135919~LX*1~CLP*56900A130830*1*125*56*14*13*4651324692160*11*1~NM1*QC*1*LEFKOWITZ*SHEILA****MI*U4546145501~NM1*82*1*WIESE-WAIBEL*MAUREEN****FI*262135919~REF*1L*3213484~REF*CE*OPEN ACCESS PLUS~DTM*050*20130831~DTM*232*20130822~DTM*233*20130822~PER*CX*MEMBER SERVICES*TE*8002446224~AMT*AU*70~SVC*HC:90834*125*56**1~CAS*CO*45*55~CAS*PR*2*14~REF*6R*0~AMT*B6*70~SE*32*0011~ST*835*0012~BPR*I*55*C*CHK************20130904~TRN*1*257454690*1591031071~REF*EV*870426777~REF*F2*1~DTM*405*20130907~N1*PR*CIGNA HEALTH AND LIFE INSURANCE COMPANY~N3*P. O. BOX 182223~N4*CHATTANOOGA*TN*374227223~PER*BL*HP*EM*CLAIMS.INTAKE.APP.SUPPORT@HP.COM~PER*IC**UR*WWW.CIGNAFORHCP.COM~N1*PE*MAUREEN WIESE-WAIBEL MSW*XX*1902991391~N3*800 RARITAN RD~N4*CLARK*NJ*070661710~REF*TJ*262135919~LX*1~CLP*55400A130830*1*125*55*15*13*8651324693604*11*1~NM1*QC*1*SINGER*JASON*D***MI*U0184931601~NM1*82*1*WIESE-WAIBEL*MAUREEN****FI*262135919~REF*1L*3176426~REF*CE*OPEN ACCESS PLUS~DTM*050*20130831~DTM*232*20130820~DTM*233*20130820~PER*CX*MEMBER SERVICES*TE*8002446224~AMT*AU*70~SVC*HC:90834*125*55**1~CAS*CO*45*55~CAS*PR*3*15~REF*6R*0~AMT*B6*70~SE*32*0012~ST*835*0013~BPR*I*126*C*CHK************20130906~TRN*1*704683721*1411648670~REF*EV*870426777~REF*F2*1~DTM*405*20130907~N1*PR*CIGNA BEHAVIORAL HEALTH INC.~N3*P.O. BOX 182223~N4*CHATTANOOGA*TN*374227223~PER*BL*HP*EM*CLAIMS.INTAKE.APP.SUPPORT@HP.COM~PER*IC**UR*WWW.CIGNAFORHCP.COM~N1*PE*JONATHAN C BEAZLEY LCDC*XX*1619185469~N3*103 MANSFIELD HOLLOW RD~N4*MANSFIELD CTR*CT*062501317~REF*TJ*454403457~LX*1~CLP*68500A130904*1*100*63*5*13*8681324808533*11*1~NM1*QC*1*BATES*CATHARINA ANN****MI*U3036483202~NM1*IL*1*BATES*DOUGLAS A.****MI*U3036483201~NM1*74*1*BATES*CATHARINA****C*U3036483202~NM1*82*1*BEAZLEY LCDC*JONATHAN*C***FI*454403457~REF*1L*3329502~REF*CE*OPEN ACCESS PLUS~DTM*050*20130905~DTM*232*20130821~DTM*233*20130821~PER*CX*MEMBER SERVICES*TE*8002446224~AMT*AU*68~SVC*HC:90834*100*63**1~CAS*CO*45*32~CAS*PR*3*5~REF*6R*0~AMT*B6*68~CLP*69000A130904*1*100*63*5*13*8681324808535*11*1~NM1*QC*1*BATES*CATHARINA ANN****MI*U3036483202~NM1*IL*1*BATES*DOUGLAS A.****MI*U3036483201~NM1*74*1*BATES*CATHARINA****C*U3036483202~NM1*82*1*BEAZLEY LCDC*JONATHAN*C***FI*454403457~REF*1L*3329502~REF*CE*OPEN ACCESS PLUS~DTM*050*20130905~DTM*232*20130828~DTM*233*20130828~PER*CX*MEMBER SERVICES*TE*8002446224~AMT*AU*68~SVC*HC:90834*100*63**1~CAS*CO*45*32~CAS*PR*3*5~REF*6R*0~AMT*B6*68~SE*51*0013~ST*835*0014~BPR*I*69.3*C*CHK************20130910~TRN*1*09822-011529390*1066033492~REF*EV*330897513~DTM*405*20130910~N1*PR*AETNA~N3*151 FARMINGTON AVENUE~N4*HARTFORD*CT*06156~PER*BL*PROVIDER SERVICE~N1*PE*CHATMAN-FINLEY, DEBRA D*XX*1346469632~N3*134 W END AVE FL 2~N4*SOMERVILLE*NJ*088761816~REF*PQ*183005000~REF*TJ*264224733~LX*1~TS3*1346469632*11*20131231*1*150~CLP*61600A130903*1*150*69.3*80.7*13*EHPA8078R0000*11*1~NM1*QC*1*PASKE*TARA~NM1*IL*1*PASKE*MARK****MI*W17941436703~NM1*74*1******C*W179414367~NM1*82*1*CHATMAN-FINLEY*DEBRA*D***XX*1346469632~REF*1L*0307138-010-00005-MA~REF*CE*AETNA CHOICE  POS II~DTM*050*20130904~DTM*232*20130827~DTM*233*20130827~PER*CX**TE*8886323862~AMT*AU*150~SVC*HC:90834*150*69.3**1~DTM*472*20130827~CAS*PR*2*29.7**45*51~AMT*B6*99~LQ*HE*N130~SE*34*0014~ST*835*0015~BPR*I*20*C*ACH*CCP*01*031100209*DA*0038865237*1066033492**01*031201360*DA*7869322623*20130912~TRN*1*160909130033633*1066033492~REF*EV*330897513~DTM*405*20130910~N1*PR*AETNA~N3*151 FARMINGTON AVENUE~N4*HARTFORD*CT*06156~PER*BL*PROVIDER SERVICE~N1*PE*CENTER FOR PSYCHOLOGICAL SERVIC*XX*1457686560~N3*491 AMWELL RD STE 103~N4*HILLSBOROUGH*NJ*088448212~REF*PQ*149850620~REF*TJ*263895688~LX*1~TS3*1144599416*11*20131231*2*300~CLP*0000001*1*150*10*50*13*1308301133740000*11~NM1*QC*1*YOUNGBERG*KENT~NM1*IL*1*YOUNGBERG*KENT****MI*BBP6SF4A~NM1*82*2*CENTER FOR PSYCHOLOGICAL SERVIC*****XX*1144599416~REF*1L*377443-006~DTM*050*20130830~DTM*232*20130530~DTM*233*20130530~PER*CX**TE*8006240756~AMT*AU*150~SVC*HC:90834*150*10**1~DTM*472*20130530~CAS*CO*45*90~CAS*PR*3*50~REF*6R*00000000001~AMT*B6*60~LQ*HE*N59~CLP*0000001*1*150*10*50*13*1308301133800000*11~NM1*QC*1*YOUNGBERG*KENT~NM1*IL*1*YOUNGBERG*KENT****MI*BBP6SF4A~NM1*82*2*CENTER FOR PSYCHOLOGICAL SERVIC*****XX*1144599416~REF*1L*377443-006~DTM*050*20130830~DTM*232*20130423~DTM*233*20130423~PER*CX**TE*8006240756~AMT*AU*150~SVC*HC:90834*150*10**1~DTM*472*20130423~CAS*CO*45*90~CAS*PR*3*50~REF*6R*00000000001~AMT*B6*60~LQ*HE*N59~SE*51*0015~ST*835*0016~BPR*I*124*C*ACH*CCP*01*055003201*DA*2000026932448*1522135463**01*031201360*DA*7869322623*20130910~TRN*1*147223*1522135463*IBC2~REF*EV*330897513~REF*F2*CAPS STL~DTM*405*20130910~N1*PR*MAGELLAN BEHAVIORAL HEALTH OF NEW JERSEY, LLC.~N3*P.O. BOX 1958~N4*MARYLAND HEIGHTS*MO*63043~PER*CX**TE*8006881911~PER*BL*MAGELLAN EDI*TE*3143875890~N1*PE*CENTER FOR PSYCHOLOGICAL SERVI*XX*1457686560~N3*491 AMWELL RD BLDG 1*STE 103~N4*HILLSBOROUGH*NJ*088448212~REF*TJ*263895688~LX*1~CLP*N/A*1*175*33*40*HM*114525758~NM1*QC*1*DEPAOLA*JILL****MI*152645749BG~NM1*IL*1*DEPAOLA*MICHAEL****MI*152645749BG~NM1*82*1*DEMARZO*LAURA****XX*1255372603~DTM*050*20130904~DTM*232*20130821~DTM*233*20130821~SVC*HC:90834*175*33**1~DTM*472*20130821~CAS*CO*45*102~CAS*PR*3*40~REF*HPI*1255372603~AMT*B6*73~LX*2~CLP*NA*1*300*40*80*HM*114533658~NM1*QC*1*DEPAOLA*MICHAEL****MI*152645749BG~NM1*82*1*RITTER*LINDA****XX*1144599416~REF*F8*13247001000705~DTM*050*20130904~DTM*232*20130813~DTM*233*20130820~SVC*HC:90834*150*20**1~DTM*472*20130813~CAS*CO*45*90~CAS*PR*3*40~REF*HPI*1144599416~AMT*B6*60~SVC*HC:90834*150*20**1~DTM*472*20130820~CAS*CO*45*90~CAS*PR*3*40~REF*HPI*1144599416~AMT*B6*60~LX*3~CLP*NA*1*200*41*50*HM*114533659~NM1*QC*1*CALCADO*PAMELA*R***MI*149483905BG~NM1*82*1*DEMARZO*LAURA****XX*1255372603~REF*F8*13247001000707~DTM*050*20130904~DTM*232*20130820~DTM*233*20130820~SVC*HC:90791*200*41**1~DTM*472*20130820~CAS*CO*45*109~CAS*PR*3*50~REF*HPI*1255372603~AMT*B6*91~LX*4~CLP*NA*1*175*10*50*HM*114540314~NM1*QC*1*PLYTYNSKI*ALAINA****MI*155740703BG~NM1*82*1*HURT*DEBBIE L****XX*1275694077~DTM*050*20130904~DTM*232*20130822~DTM*233*20130822~SVC*HC:90834*175*10**1~DTM*472*20130822~CAS*CO*45*115~CAS*PR*3*50~REF*HPI*1275694077~AMT*B6*60~SE*77*0016~ST*835*0017~BPR*I*274.45*C*ACH*CCP*01*081517693*DA*152302017073*1205296137**01*221283512*DA*95665700570381*20130909~TRN*1*885911658*1205296137~REF*EV*1929361~DTM*405*20130906~N1*PR*NOVITAS SOLUTIONS, INC.~N3*PO BOX 3031~N4*MECHANICSBURG*PA*170551803~REF*2U*12402~PER*CX**TE*8772358073~PER*BL*NOVITAS SOLUTIONS, INC. EDI SERVICES*TE*8772358073*EX*1*EM*WEBSITEEDI@NOVITAS_SOLUTIONS.COM~N1*PE*KAREN G. WAY*XX*1477603942~N3*38 JUNIPER LANE~N4*PISCATAWAY*NJ*088545632~REF*TJ*264523736~LX*1~CLP*42900A130823*19*150*54.89*30.16*MB*0913238366550*11*1~NM1*QC*1*ARON*JOANNA****HN*088460853A~NM1*TT*2*GHI PPO*****PI*00035~MOA***MA01*MA18~DTM*050*20130826~SVC*HC:90834*150*54.89**1~DTM*472*20130819~CAS*CO*45*63.83**223*1.12~CAS*PR*2*14**122*16.16~REF*6R*0~REF*LU*11~AMT*B6*86.17~CLP*43300A130823*1*150*54.89*30.16*MB*0913238366580*11*1~NM1*QC*1*FOSTER*KELLY****HN*140784147A~MOA***MA01~DTM*050*20130826~SVC*HC:90834*150*54.89**1~DTM*472*20130820~CAS*CO*45*63.83**223*1.12~CAS*PR*2*14**122*16.16~REF*6R*0~REF*LU*11~AMT*B6*86.17~CLP*43100A130823*19*150*54.89*30.16*MB*0913238366560*11*1~NM1*QC*1*GRIMALDI*JENNIFER****HN*026662235A~NM1*TT*2*NJ DEPT. OF HUMAN SERVICES*****PI*70078~MOA***MA01*MA07~DTM*050*20130826~SVC*HC:90834*150*54.89**1~DTM*472*20130819~CAS*CO*45*63.83**223*1.12~CAS*PR*2*14**122*16.16~REF*6R*0~REF*LU*11~AMT*B6*86.17~CLP*43400A130823*19*150*54.89*30.16*MB*0913238366590*11*1~NM1*QC*1*HAMMOND*NORMAN****HN*135742336A~NM1*TT*2*NJ DEPT. OF HUMAN SERVICES*****PI*70080~MOA***MA01*MA07~DTM*050*20130826~SVC*HC:90834*150*54.89**1~DTM*472*20130820~CAS*CO*45*63.83**223*1.12~CAS*PR*2*14**122*16.16~REF*6R*0~REF*LU*11~AMT*B6*86.17~CLP*43200A130823*19*150*54.89*30.16*MB*0913238366570*11*1~NM1*QC*1*ZABOROWSKI*RAYMOND****HN*135405190A~NM1*TT*2*NJ DEPT. OF HUMAN SERVICES*****PI*70078~MOA***MA01*MA07~DTM*050*20130826~SVC*HC:90834*150*54.89**1~DTM*472*20130819~CAS*CO*45*63.83**223*1.12~CAS*PR*2*14**122*16.16~REF*6R*0~REF*LU*11~AMT*B6*86.17~SE*76*0017~ST*835*0018~BPR*H*0*C*NON************20130909~TRN*1*358946430*1205296137~REF*EV*1929361~DTM*405*20130906~N1*PR*NOVITAS SOLUTIONS, INC.~N3*PO BOX 3031~N4*MECHANICSBURG*PA*170551803~REF*2U*12402~PER*CX**TE*8772358073~PER*BL*NOVITAS SOLUTIONS, INC. EDI SERVICES*TE*8772358073*EX*1*EM*WEBSITEEDI@NOVITAS_SOLUTIONS.COM~N1*PE*MAUREEN WIESE WAIBEL  CSW*XX*1902991391~N3*800 RARITAN ROAD~N4*CLARK*NJ*070661710~REF*TJ*262135919~LX*1~CLP*61200A130903*1*125*0**MB*0913248277670*11*1~NM1*QC*1*LIPARI*BARBARA****HN*157662010A~MOA***MA01~DTM*050*20130905~SVC*HC:90834*125*0**0**1~DTM*472*20130812~CAS*OA*18*125~REF*6R*0~REF*LU*11~LQ*HE*N522~SE*27*0018~GE*18*153322373~IEA*1*153322373~
