ISA*00*          *00*          *ZZ*330897513      *ZZ*ASSOCIATEDBC   *130912*1137*^*00501*153407069*0*P*:~GS*HP*330897513*ASSOCIATEDBC*20130912*1137*153407069*X*005010X221A1~ST*835*0001~BPR*I*153*C*ACH*CCP*01*093702139*DA*0601849573*1591031071**01*011200608*DA*191410030420*20130911~TRN*1*130907090000667*1591031071~REF*EV*870426777~REF*F2*1~DTM*405*20130908~N1*PR*CIGNA HEALTH AND LIFE INSURANCE COMPANY~N3*P.O. BOX 182223~N4*CHATTANOOGA*TN*374227223~PER*BL*HP*EM*CLAIMS.INTAKE.APP.SUPPORT@HP.COM~PER*IC**UR*WWW.CIGNAFORHCP.COM~N1*PE*KARIN D RAPEL KINNEY MSW*XX*1063567766~N3*191 VALLEY RD~N4*RAYMOND*ME*040716163~REF*TJ*141784965~LX*1~CLP*67800A130904*1*90*90**13*8431324896541*11*1~NM1*QC*1*ALBERT*KAREN****MI*U4198771101~NM1*82*1*RAPEL KINNEY*KARIN*D***FI*141784965~REF*1L*2498647~REF*CE*OPEN ACCESS PLUS~DTM*050*20130905~DTM*232*20130827~DTM*233*20130827~PER*CX*MEMBER SERVICES*TE*8002446224~AMT*AU*90~SVC*HC:90791*90*90**1~REF*6R*0~AMT*B6*90~CLP*67600A130904*1*90*63**13*8431324896543*11*1~NM1*QC*1*ALBERT*AMY****MI*U4198771104~NM1*IL*1*ALBERT*KAREN****MI*U4198771101~NM1*82*1*RAPEL KINNEY*KARIN*D***FI*141784965~REF*1L*2498647~REF*CE*OPEN ACCESS PLUS~DTM*050*20130905~DTM*232*20130827~DTM*233*20130827~PER*CX*MEMBER SERVICES*TE*8002446224~AMT*AU*63~SVC*HC:90834*90*63**1~CAS*CO*45*27~REF*6R*0~AMT*B6*63~SE*45*0001~ST*835*0002~BPR*H*0*C*NON************20130909~TRN*1*8681324791169 20130907 0024048*1591031071~REF*EV*870426777~REF*F2*1~DTM*405*20130908~N1*PR*CIGNA HEALTH AND LIFE INSURANCE COMPANY~N3*P.O. BOX 182223~N4*CHATTANOOGA*TN*374227223~PER*BL*HP*EM*CLAIMS.INTAKE.APP.SUPPORT@HP.COM~PER*IC**UR*WWW.CIGNAFORHCP.COM~N1*PE*KAREN WAY PHD*XX*1477603942~N3*38 JUNIPER LN~N4*PISCATAWAY*NJ*088545632~REF*TJ*264523736~LX*1~CLP*53300A130830*4*150*0**13*8681324791169*11*1~NM1*QC*1*MORE*PROVIDENCE****MI*U3212939001~NM1*82*1*WAY*KAREN****FI*264523736~REF*1L*3208548~REF*CE*OPEN ACCESS PLUS IN-NETWORK~DTM*050*20130904~DTM*232*20130814~DTM*233*20130814~PER*CX*MEMBER SERVICES*TE*8002446224~SVC*HC:90834*150*0~CAS*OA*18*150~REF*HPI*1477603942~SE*29*0002~ST*835*0003~BPR*I*1048.4*C*ACH*CCP*01*011900445*DA*0000009046*1066033492**01*031201360*DA*7869322623*20130916~TRN*1*813253540000296*1066033492~REF*EV*330897513~DTM*405*20130911~N1*PR*AETNA~N3*151 FARMINGTON AVENUE~N4*HARTFORD*CT*06156~PER*BL*PROVIDER SERVICE~N1*PE*CENTER FOR PSYCHOLOGICAL SERVICES OF SOMERSET COUN*XX*1457686560~N3*491 AMWELL RD STE 103~N4*HILLSBOROUGH*NJ*088448212~REF*PQ*149850620~REF*TJ*263895688~LX*1~TS3*1457686560*11*20131231*4*725~CLP*0*1*200*76*15*13*ETAA8L0TB0000*11~NM1*QC*1*DUPRIS*AMY~NM1*IL*1*DUPRIS*AMY****MI*W460547403~NM1*74*1*DUPUIS*AMY LEE*L~NM1*82*1*DEMARZO*LAURA****XX*1255372603~REF*1L*0701087-022-00002-UA~REF*CE*AETNA CHOICE  POS II NET 01449~DTM*050*20130909~DTM*232*20130904~DTM*233*20130904~PER*CX**TE*8886323862~AMT*AU*200~SVC*HC:90791*200*76**1~DTM*472*20130904~CAS*CO*45*109~CAS*PR*3*15~REF*6R*00000000001~AMT*B6*91~CLP*0*1*175*53*20*13*EXAA8GPWM0000*11~NM1*QC*1*BRACKEN*CHERYL~NM1*IL*1*BRACKEN*JOHN****MI*W160219241~NM1*82*1*DEMARZO*LAURA****XX*1255372603~REF*1L*0469701-010-00001-MB~DTM*050*20130903~DTM*232*20130822~DTM*233*20130822~PER*CX**TE*8886323862~AMT*AU*175~SVC*HC:90834*175*53**1~DTM*472*20130822~CAS*CO*45*102~CAS*PR*3*20~REF*6R*00000000001~AMT*B6*73~CLP*0*1*175*43*30*13*EXAA8GP040000*11~NM1*QC*1*BOROWSKI*ROBERT~NM1*IL*1*BOROWSKI*VIRNI****MI*W159995912~NM1*74*1**VIRNA*B~NM1*82*1*DEMARZO*LAURA****XX*1255372603~REF*1L*0622709-010-00048- A~DTM*050*20130903~DTM*232*20130822~DTM*233*20130822~PER*CX**TE*8886323862~AMT*AU*175~SVC*HC:90834*175*43**1~DTM*472*20130822~CAS*CO*45*102~CAS*PR*3*30~REF*6R*00000000001~AMT*B6*73~CLP*0*1*175*58.4*14.6*13*EXJK8GP0R0000*11~NM1*QC*1*CRUZ*EDWIN~NM1*IL*1*CRUZ*EDWIN****MI*W460498888~NM1*82*1*DEMARZO*LAURA****XX*1255372603~REF*1L*0800100-017-00001-HH~DTM*050*20130903~DTM*232*20130819~DTM*233*20130819~PER*CX**TE*8886323862~AMT*AU*175~SVC*HC:90834*175*58.4**1~DTM*472*20130819~CAS*CO*45*102~CAS*PR*2*14.6~REF*6R*00000000001~AMT*B6*73~LX*2~TS3*1457686560*11*20131231*2*300~CLP*0*1*150*45*15*13*ENFA80K8J0000*11~NM1*QC*1*CAVALIERI*LYNN~NM1*IL*1*CAVALIERI*LYNN****MI*823608993~NM1*74*1******C*W175864300~NM1*82*1*LORANT*SUZANNE****XX*1568514024~REF*1L*0326475-010-00155-AA~DTM*050*20130903~DTM*232*20130814~DTM*233*20130814~PER*CX**TE*8886323862~AMT*AU*150~SVC*HC:90834*150*45**1~DTM*472*20130814~CAS*CO*45*90~CAS*PR*3*15~REF*6R*00000000001~AMT*B6*60~CLP*0*1*150*45*15*13*E1TV8KT760000*11~NM1*QC*1*CAVALIERI*LYNN~NM1*IL*1*CAVALIERI*LYNN****MI*823608993~NM1*74*1******C*W175864300~NM1*82*1*LORANT*SUZANNE****XX*1568514024~REF*1L*0326475-010-00155-AA~REF*CE*AETNA CHOICE  POS II NET 01449~DTM*050*20130905~DTM*232*20130710~DTM*233*20130710~PER*CX**TE*8886323862~AMT*AU*150~SVC*HC:90834*150*45**1~DTM*472*20130710~CAS*CO*45*90~CAS*PR*3*15~REF*6R*00000000001~AMT*B6*60~LX*3~TS3*1457686560*11*20131231*1*150~CLP*0*1*150*45*15*13*EXTV8GP000000*11~NM1*QC*1*GIRI*RIA~NM1*IL*1*BHATRACHARYYA*SUCHARITA****MI*W183770480~NM1*74*1*BHATTACHARYYA~NM1*82*1*MULVANERTON*MAUREEN****XX*1750568705~REF*1L*0479265-018-00001- A~DTM*050*20130903~DTM*232*20130824~DTM*233*20130824~PER*CX**TE*8886323862~AMT*AU*150~SVC*HC:90834*150*45**1~DTM*472*20130824~CAS*CO*45*90~CAS*PR*3*15~REF*6R*00000000001~AMT*B6*60~LX*4~TS3*1457686560*11*20131231*10*1950~CLP*0*1*300*90*30*13*EMJK81PBM0000*11~NM1*QC*1*PORTILLA*DEVIN~NM1*IL*1*PORTILLA*KRISTINA****MI*W142312241~NM1*82*1*RITTER*LINDA****XX*1144599416~REF*1L*0701087-022-00002-UA~DTM*050*20130903~DTM*232*20130817~DTM*233*20130823~PER*CX**TE*8886323862~AMT*AU*300~SVC*HC:90834*150*45**1~DTM*472*20130817~CAS*CO*45*90~CAS*PR*3*15~REF*6R*00000000001~AMT*B6*60~SVC*HC:90834*150*45**1~DTM*472*20130823~CAS*CO*45*90~CAS*PR*3*15~REF*6R*00000000002~AMT*B6*60~CLP*0*1*150*0**13*ETAA8LGTR0000*11~NM1*QC*1*BURMAN*DIANE~NM1*IL*1*BURMAN*DAVID****MI*W461166667~NM1*82*1*RITTER*LINDA****XX*1144599416~REF*1L*0800215-018-00001- I~DTM*050*20130905~DTM*232*20130617~DTM*233*20130617~PER*CX**TE*8886323862~SVC*HC:90834*150*0**0**1~DTM*472*20130617~CAS*PI*18*150*1~REF*6R*00000000001~CLP*0*1*150*45*15*13*ETJK8L6JJ0000*11~NM1*QC*1*STROFF*LAUREL~NM1*IL*1*STROFF*LAUREL****MI*W049846441~NM1*82*1*RITTER*LINDA****XX*1144599416~REF*1L*0701087-022-00004-UA~REF*CE*AETNA CHOICE  POS II NET 01449~DTM*050*20130909~DTM*232*20130827~DTM*233*20130827~PER*CX**TE*8886323862~AMT*AU*150~SVC*HC:90834*150*45**1~DTM*472*20130827~CAS*CO*45*90~CAS*PR*3*15~REF*6R*00000000001~AMT*B6*60~CLP*0*1*150*30*30*13*ETTV8LR520000*11~NM1*QC*1*STANISLAW*DANIEL~NM1*IL*1*BURSKY*REBECCA****MI*W140124230~NM1*82*1*RITTER*LINDA****XX*1144599416~REF*1L*0836425-011-00001- D~REF*CE*AETNA CHOICE  POS II NET 01449~DTM*050*20130909~DTM*232*20130826~DTM*233*20130826~PER*CX**TE*8886323862~AMT*AU*150~SVC*HC:90834*150*30**1~DTM*472*20130826~CAS*CO*45*90~CAS*PR*3*30~REF*6R*00000000001~AMT*B6*60~CLP*0*1*150*54*6*13*EVJK8K11D0000*11~NM1*QC*1*BURMAN*DIANE~NM1*IL*1*BURMAN*DAVID****MI*W461166667~NM1*82*1*RITTER*LINDA****XX*1144599416~REF*1L*0800215-018-00001- I~DTM*050*20130909~DTM*232*20130826~DTM*233*20130826~PER*CX**TE*8886323862~AMT*AU*150~SVC*HC:90834*150*54**1~DTM*472*20130826~CAS*CO*45*90~CAS*PR*2*6~REF*6R*00000000001~AMT*B6*60~CLP*0*1*150*45*15*13*EV348LBN80000*11~NM1*QC*1*POSPIECH*LYNN~NM1*IL*1*POSPIECH*LYNN****MI*W150270655~NM1*82*1*RITTER*LINDA****XX*1144599416~REF*1L*0701087-022-00003-UA~REF*CE*AETNA CHOICE  POS II NET 01449~DTM*050*20130909~DTM*232*20130903~DTM*233*20130903~PER*CX**TE*8886323862~AMT*AU*150~SVC*HC:90834*150*45**1~DTM*472*20130903~CAS*CO*45*90~CAS*PR*3*15~REF*6R*00000000001~AMT*B6*60~CLP*0*1*150*45*15*13*EZJK8KDNP0000*11~NM1*QC*1*PORTILLA*DEVIN~NM1*IL*1*PORTILLA*KRISTINA****MI*W142312241~NM1*82*1*RITTER*LINDA****XX*1144599416~REF*1L*0701087-022-00002-UA~REF*CE*AETNA CHOICE  POS II NET 01449~DTM*050*20130909~DTM*232*20130826~DTM*233*20130826~PER*CX**TE*8886323862~AMT*AU*150~SVC*HC:90834*150*45**1~DTM*472*20130826~CAS*CO*45*90~CAS*PR*3*15~REF*6R*00000000001~AMT*B6*60~CLP*0*1*300*108*12*13*E6PA8HYSN0000*11~NM1*QC*1*BURMAN*DIANE~NM1*IL*1*BURMAN*DAVID****MI*W461166667~NM1*82*1*RITTER*LINDA****XX*1144599416~REF*1L*0800215-018-00001- I~DTM*050*20130903~DTM*232*20130813~DTM*233*20130820~PER*CX**TE*8886323862~AMT*AU*300~SVC*HC:90834*150*54**1~DTM*472*20130813~CAS*CO*45*90~CAS*PR*2*6~REF*6R*00000000001~AMT*B6*60~SVC*HC:90834*150*54**1~DTM*472*20130820~CAS*CO*45*90~CAS*PR*2*6~REF*6R*00000000002~AMT*B6*60~CLP*0*1*300*80*40*13*E6YZ8H3CB0000*11~NM1*QC*1*MUNDHENK*JEANNE~NM1*IL*1*MUNDHENK*JEANNE****MI*W179558789~NM1*82*1*RITTER*LINDA****XX*1144599416~REF*1L*0479237-032-00012- A~DTM*050*20130903~DTM*232*20130813~DTM*233*20130820~PER*CX**TE*8886323862~AMT*AU*300~SVC*HC:90834*150*40**1~DTM*472*20130813~CAS*CO*45*90~CAS*PR*3*20~REF*6R*00000000001~AMT*B6*60~SVC*HC:90834*150*40**1~DTM*472*20130820~CAS*CO*45*90~CAS*PR*3*20~REF*6R*00000000002~AMT*B6*60~CLP*0*1*150*45*15*13*E7348GVP80000*11~NM1*QC*1*POSPIECH*LYNN~NM1*IL*1*POSPIECH*LYNN****MI*W150270655~NM1*82*1*RITTER*LINDA****XX*1144599416~REF*1L*0701087-022-00003-UA~DTM*050*20130903~DTM*232*20130823~DTM*233*20130823~PER*CX**TE*8886323862~AMT*AU*150~SVC*HC:90834*150*45**1~DTM*472*20130823~CAS*CO*45*90~CAS*PR*3*15~REF*6R*00000000001~AMT*B6*60~LX*5~TS3*1457686560*11*20131231*1*175~CLP*0*1*175*51*9*13*EXTV8GPWH0000*11~NM1*QC*1*BASSEL*MATTHEW~NM1*IL*1*BASSEL*MATTHEW****MI*W194676132~NM1*82*1*HURT*DEBBIE****XX*1275694077~REF*1L*0883610-011-00752- A~DTM*050*20130903~DTM*232*20130817~DTM*233*20130817~PER*CX**TE*8886323862~AMT*AU*175~SVC*HC:90834*175*51**1~DTM*472*20130817~CAS*CO*45*115~CAS*PR*2*9~REF*6R*00000000001~AMT*B6*60~LX*6~TS3*1457686560*11*20131231*2*350~CLP*0*1*175*45*15*13*ESFA8LB1N0000*11~NM1*QC*1*VANDERBEEK*JOHN*R~NM1*IL*1*CROFTS*FRANCIS****MI*W142202122~NM1*74*1**FRANCES*G~NM1*82*1*HOUSER*MEGAN****XX*1972844751~REF*1L*0701087-022-00003-UA~REF*CE*AETNA CHOICE  POS II NET 01449~DTM*050*20130909~DTM*232*20130826~DTM*233*20130826~PER*CX**TE*8886323862~AMT*AU*175~SVC*HC:90834*175*45**1~DTM*472*20130826~CAS*CO*45*115~CAS*PR*3*15~REF*6R*00000000001~AMT*B6*60~CLP*0*1*175*45*15*13*E6FA8HVTK0000*11~NM1*QC*1*VANDERBEEK*JOHN*R~NM1*IL*1*CROFTS*FRANCIS****MI*W142202122~NM1*74*1**FRANCES*G~NM1*82*1*HOUSER*MEGAN****XX*1972844751~REF*1L*0701087-022-00003-UA~DTM*050*20130903~DTM*232*20130812~DTM*233*20130812~PER*CX**TE*8886323862~AMT*AU*175~SVC*HC:90834*175*45**1~DTM*472*20130812~CAS*CO*45*115~CAS*PR*3*15~REF*6R*00000000001~AMT*B6*60~SE*376*0003~ST*835*0004~BPR*I*450*C*ACH*CCP*01*031100209*DA*0000009108*1066033492**01*031201360*DA*7869322623*20130916~TRN*1*813253520000287*1066033492~REF*EV*330897513~DTM*405*20130911~N1*PR*AETNA~N3*151 FARMINGTON AVENUE~N4*HARTFORD*CT*06156~PER*BL*PROVIDER SERVICE~N1*PE*CENTER FOR PSYCHOLOGICAL SERVICES OF SOMERSET COUN*XX*1457686560~N3*491 AMWELL RD STE 103~N4*HILLSBOROUGH*NJ*088448212~REF*PQ*149850620~REF*TJ*263895688~LX*1~TS3*1144599416*11*20131231*1*300~CLP*0*1*300*120**13*PCAAZZTGL0000~NM1*QC*1*MORY*DAVID****MI*187130808~NM1*IL*1*MORY*DIANE****MI*W187130803~NM1*74*1*MORY*DIANE~NM1*82*1*RITTER*LINDA****XX*1144599416~REF*1L*0307281-011-00001-AA~DTM*050*20130909~DTM*232*20130219~DTM*233*20130221~PER*CX**TE*8886323862~AMT*AU*300~SVC*HC:90834*150*60**1~DTM*472*20130219~CAS*CO*45*90~AMT*B6*60~SVC*HC:90834*150*60**1~DTM*472*20130221~CAS*CO*45*90~AMT*B6*60~LX*2~TS3*1457686560*11*20131231*5*1050~CLP*0*1*300*120**13*EMAA81SLP0000*11~NM1*QC*1*MORY*DAVID~NM1*IL*1*MORY*DIANE****MI*W187130803~NM1*82*1*RITTER*LINDA****XX*1144599416~REF*1L*0307281-011-00001-AA~DTM*050*20130903~DTM*232*20130815~DTM*233*20130822~PER*CX**TE*8886323862~AMT*AU*300~SVC*HC:90834*150*60**1~DTM*472*20130815~CAS*CO*45*90~REF*6R*00000000001~AMT*B6*60~SVC*HC:90834*150*60**1~DTM*472*20130822~CAS*CO*45*90~REF*6R*00000000002~AMT*B6*60~CLP*0*1*150*10*50*HM*EMTV81WC90000*11~NM1*QC*1*YOUNGBERG*KENT~NM1*IL*1*YOUNGBERG*KENT****MI*BBP6SF4A~NM1*74*1***J***C*W157850977~NM1*82*1*RITTER*LINDA****XX*1144599416~REF*1L*0790671-015-00000- E~DTM*050*20130903~DTM*232*20130822~DTM*233*20130822~PER*CX**TE*8886323862~AMT*AU*150~SVC*HC:90834*150*10**1~DTM*472*20130822~CAS*CO*45*90~CAS*PR*3*50~REF*6R*00000000001~AMT*B6*60~CLP*0*1*150*0**13*ETJK8LNK70000*11~NM1*QC*1*BELL*LAURA~NM1*IL*1*BELL*LAURA****MI*W193557861~NM1*82*1*RITTER*LINDA****XX*1144599416~REF*1L*0842847-011-00001-AA~DTM*050*20130905~DTM*232*20130308~DTM*233*20130308~PER*CX**TE*8886323862~SVC*HC:90834*150*0**0**1~DTM*472*20130308~CAS*PI*18*150*1~REF*6R*00000000001~CLP*0*1*150*60**13*EVAA8KC7D0000*11~NM1*QC*1*MORY*DAVID~NM1*IL*1*MORY*DIANE****MI*W187130803~NM1*82*1*RITTER*LINDA****XX*1144599416~REF*1L*0307281-011-00001-AA~DTM*050*20130909~DTM*232*20130830~DTM*233*20130830~PER*CX**TE*8886323862~AMT*AU*150~SVC*HC:90834*150*60**1~DTM*472*20130830~CAS*CO*45*90~REF*6R*00000000001~AMT*B6*60~CLP*0*1*300*60**13*E1JK8K1DZ0000*11~NM1*QC*1*MORY*DAVID~NM1*IL*1*MORY*DIANE****MI*W187130803~NM1*82*1*RITTER*LINDA****XX*1144599416~REF*1L*0307281-011-00001-AA~DTM*050*20130905~DTM*232*20130221~DTM*233*20130531~PER*CX**TE*8886323862~AMT*AU*150~SVC*HC:90834*150*0**0**1~DTM*472*20130221~CAS*PI*18*150*1~REF*6R*00000000001~SVC*HC:90834*150*60**1~DTM*472*20130531~CAS*CO*45*90~REF*6R*00000000002~AMT*B6*60~LX*3~TS3*1457686560*11*20131231*3*700~CLP*0*1*350*20*100*HM*EM3481TCL0000*11~NM1*QC*1*ASHFORTH*BARRY~NM1*IL*1*ASHFORTH*BARRY****MI*BBMQ0HJA~NM1*74*1***W***C*W199677401~NM1*82*1*HURT*DEBBIE****XX*1275694077~REF*1L*0576097-035-00000- B~DTM*050*20130903~DTM*232*20130815~DTM*233*20130822~PER*CX**TE*8886323862~AMT*AU*350~SVC*HC:90834*175*10**1~DTM*472*20130815~CAS*CO*45*115~CAS*PR*3*50~REF*6R*00000000001~AMT*B6*60~SVC*HC:90834*175*10**1~DTM*472*20130822~CAS*CO*45*115~CAS*PR*3*50~REF*6R*00000000002~AMT*B6*60~CLP*0*1*175*60**HM*EX348GPV60000*11~NM1*QC*1*OMILIAN*CYNDI~NM1*IL*1*OMILIAN*CYNDI****MI*W200901252~NM1*74*1**FRANK*A**IV~NM1*82*1*HURT*DEBBIE****XX*1275694077~REF*1L*0582366-035-00000- A~DTM*050*20130903~DTM*232*20130821~DTM*233*20130821~PER*CX**TE*8886323862~AMT*AU*175~SVC*HC:90834*175*60**1~DTM*472*20130821~CAS*CO*45*115~REF*6R*00000000001~AMT*B6*60~CLP*0*1*175*0*80*13*EYFA8GP0S0000*11~NM1*QC*1*LOZABA*RONNIE~NM1*IL*1*LOZABA*FLORA****MI*W104106883~NM1*74*1*LOZADA**A~NM1*82*1*HURT*DEBBIE****XX*1275694077~REF*1L*0882942-012-00001-FB~DTM*050*20130903~DTM*232*20130821~DTM*233*20130821~PER*CX**TE*8886323862~AMT*AU*175~SVC*HC:90834*175*0**1~DTM*472*20130821~CAS*CO*45*95~CAS*PR*1*80~REF*6R*00000000001~AMT*B6*80~SE*180*0004~ST*835*0005~BPR*I*40*C*ACH*CCP*01*055003201*DA*2000026932448*1522135463**01*031201360*DA*7869322623*20130911~TRN*1*147309*1522135463*IBC2~REF*EV*330897513~REF*F2*CAPS STL~DTM*405*20130911~N1*PR*MAGELLAN BEHAVIORAL HEALTH OF NEW JERSEY, LLC.~N3*P.O. BOX 1958~N4*MARYLAND HEIGHTS*MO*63043~PER*CX**TE*8006881911~PER*BL*MAGELLAN EDI*TE*3143875890~N1*PE*CENTER FOR PSYCHOLOGICAL SERVI*XX*1457686560~N3*491 AMWELL RD BLDG 1*STE 103~N4*HILLSBOROUGH*NJ*088448212~REF*TJ*263895688~LX*1~CLP*NA*1*300*40*80*HM*114671751~NM1*QC*1*DEPAOLA*MICHAEL****MI*152645749BG~NM1*82*1*RITTER*LINDA****XX*1144599416~REF*F8*13252004003819~DTM*050*20130909~DTM*232*20130827~DTM*233*20130903~SVC*HC:90834*150*20**1~DTM*472*20130827~CAS*CO*45*90~CAS*PR*3*40~REF*HPI*1144599416~AMT*B6*60~SVC*HC:90834*150*20**1~DTM*472*20130903~CAS*CO*45*90~CAS*PR*3*40~REF*HPI*1144599416~AMT*B6*60~SE*36*0005~ST*835*0006~BPR*I*329.31*C*ACH*CCP*01*081517693*DA*152302017073*1205296137**01*221272303*DA*3010001018*20130910~TRN*1*885918201*1205296137~REF*EV*1929361~DTM*405*20130909~N1*PR*NOVITAS SOLUTIONS, INC.~N3*PO BOX 3031~N4*MECHANICSBURG*PA*170551803~REF*2U*12402~PER*CX**TE*8772358073~PER*BL*NOVITAS SOLUTIONS, INC. EDI SERVICES*TE*8772358073*EX*1*EM*WEBSITEEDI@NOVITAS_SOLUTIONS.COM~N1*PE*MAUREEN J. HUDAK  CP*XX*1013063346~N3*SUITE 2A*47 RARITAN AVE~N4*HIGHLAND PARK*NJ*089042440~REF*TJ*142460069~LX*1~CLP*088460853 A*19*300*109.78*60.32*MB*0813224230050*11~NM1*QC*1*ARON*JOANNA****HN*088460853A~NM1*TT*2*GHI PPO*****PI*00035~MOA***MA01*MA18~DTM*050*20130812~SVC*HC:90834*150*54.89**1~DTM*472*20130724~CAS*CO*45*63.83**223*1.12~CAS*PR*2*14**122*16.16~REF*6R*LX#01~REF*LU*11~AMT*B6*86.17~SVC*HC:90834*150*54.89**1~DTM*472*20130726~CAS*CO*45*63.83**223*1.12~CAS*PR*2*14**122*16.16~REF*6R*LX#02~REF*LU*11~AMT*B6*86.17~CLP*157489157 A*2*300*82.32**MB*0713224254390*11~NM1*QC*1*CORCORAN*ROSEANN****HN*157489157A~MOA***MA01~DTM*050*20130812~SVC*HC:90834*150*41.16**1~DTM*472*20130405~CAS*CO*223*0.84~CAS*OA*23*108**23*-14~CAS*PR*2*14~REF*6R*LX#01~REF*LU*11~AMT*B6*86.17~SVC*HC:90834*150*41.16**1~DTM*472*20130419~CAS*CO*223*0.84~CAS*OA*23*108**23*-14~CAS*PR*2*14~REF*6R*LX#02~REF*LU*11~AMT*B6*86.17~CLP*157489157 A*2*150*41.16**MB*0713224254400*11~NM1*QC*1*CORCORAN*ROSEANN****HN*157489157A~MOA***MA01~DTM*050*20130812~SVC*HC:90834*150*41.16**1~DTM*472*20130619~CAS*CO*223*0.84~CAS*OA*23*108**23*-14~CAS*PR*2*14~REF*6R*LX#01~REF*LU*11~AMT*B6*86.17~CLP*157489157 A*2*150*41.16**MB*0713224254410*11~NM1*QC*1*CORCORAN*ROSEANN****HN*157489157A~MOA***MA01~DTM*050*20130812~SVC*HC:90834*150*41.16**1~DTM*472*20130712~CAS*CO*223*0.84~CAS*OA*23*108**23*-14~CAS*PR*2*14~REF*6R*LX#01~REF*LU*11~AMT*B6*86.17~CLP*0*19*150*54.89*30.16*MB*0813224230120*11~NM1*QC*1*MARIANO*MELISSA****HN*156801936A~NM1*TT*2*HORIZON BCBS OF NEW JERSEY*****PI*00019~MOA***MA01*MA18~DTM*050*20130812~SVC*HC:90834*150*54.89**1~DTM*472*20130716~CAS*CO*45*63.83**223*1.12~CAS*PR*2*14**122*16.16~REF*6R*LX#01~REF*LU*11~AMT*B6*86.17~SE*92*0006~ST*835*0007~BPR*I*439.12*C*ACH*CCP*01*081517693*DA*152302017073*1205296137**01*021200339*DA*000023232862*20130910~TRN*1*885918068*1205296137~REF*EV*1929361~DTM*405*20130909~N1*PR*NOVITAS SOLUTIONS, INC.~N3*PO BOX 3031~N4*MECHANICSBURG*PA*170551803~REF*2U*12402~PER*CX**TE*8772358073~PER*BL*NOVITAS SOLUTIONS, INC. EDI SERVICES*TE*8772358073*EX*1*EM*WEBSITEEDI@NOVITAS_SOLUTIONS.COM~N1*PE*OWEN K. ISAACS III*XX*1235293879~N3*SUITE 201*29 CLYDE ROAD~N4*SOMERSET*NJ*088735040~REF*TJ*153327013~LX*1~CLP*0*1*450*164.67*90.48*MB*0813224230020*11~NM1*QC*1*ALEVRITIS*DORINDA****HN*152643242A~MOA***MA01~DTM*050*20130812~SVC*HC:90834*150*54.89**1~DTM*472*20130702~CAS*CO*45*63.83**223*1.12~CAS*PR*2*14**122*16.16~REF*6R*LX#01~REF*LU*11~AMT*B6*86.17~SVC*HC:90834*150*54.89**1~DTM*472*20130716~CAS*CO*45*63.83**223*1.12~CAS*PR*2*14**122*16.16~REF*6R*LX#02~REF*LU*11~AMT*B6*86.17~SVC*HC:90834*150*54.89**1~DTM*472*20130723~CAS*CO*45*63.83**223*1.12~CAS*PR*2*14**122*16.16~REF*6R*LX#03~REF*LU*11~AMT*B6*86.17~CLP*0WEN K 1SAACS*19*150*54.89*30.16*MB*0813224230010*11~NM1*QC*1*GONZALES*EVELYN****HN*264745303A~NM1*TT*2*MUTUAL OF OMAHA INSURANCE COMP*****PI*30090~MOA***MA01*MA18~DTM*050*20130812~SVC*HC:90834*150*54.89**1~DTM*472*20130716~CAS*CO*45*63.83**223*1.12~CAS*PR*2*14**122*16.16~REF*6R*LX#01~REF*LU*11~AMT*B6*86.17~CLP*0WEN K 1SAACS*1*300*109.78*60.32*MB*0813224230000*11~NM1*QC*1*HILLSMAN*RODNEY*E***HN*145566109A~MOA***MA01~DTM*050*20130812~SVC*HC:90834*150*54.89**1~DTM*472*20130709~CAS*CO*45*63.83**223*1.12~CAS*PR*2*14**122*16.16~REF*6R*LX#01~REF*LU*11~AMT*B6*86.17~SVC*HC:90834*150*54.89**1~DTM*472*20130723~CAS*CO*45*63.83**223*1.12~CAS*PR*2*14**122*16.16~REF*6R*LX#02~REF*LU*11~AMT*B6*86.17~CLP*0WEN K TSAACS*1*300*109.78*60.32*MB*0813224229990*11~NM1*QC*1*SHANAHAN*COLIN*F***HN*151540846A~MOA***MA01~DTM*050*20130812~SVC*HC:90834*150*54.89**1~DTM*472*20130710~CAS*CO*45*63.83**223*1.12~CAS*PR*2*14**122*16.16~REF*6R*LX#01~REF*LU*11~AMT*B6*86.17~SVC*HC:90834*150*54.89**1~DTM*472*20130724~CAS*CO*45*63.83**223*1.12~CAS*PR*2*14**122*16.16~REF*6R*LX#02~REF*LU*11~AMT*B6*86.17~SE*90*0007~ST*835*0008~BPR*I*439.12*C*ACH*CCP*01*081517693*DA*152302017073*1205296137**01*221283512*DA*95665700570381*20130910~TRN*1*885917933*1205296137~REF*EV*1929361~DTM*405*20130909~N1*PR*NOVITAS SOLUTIONS, INC.~N3*PO BOX 3031~N4*MECHANICSBURG*PA*170551803~REF*2U*12402~PER*CX**TE*8772358073~PER*BL*NOVITAS SOLUTIONS, INC. EDI SERVICES*TE*8772358073*EX*1*EM*WEBSITEEDI@NOVITAS_SOLUTIONS.COM~N1*PE*KAREN G. WAY*XX*1477603942~N3*38 JUNIPER LANE~N4*PISCATAWAY*NJ*088545632~REF*TJ*264523736~LX*1~CLP*026662235A*19*300*109.78*60.32*MB*0813224230150*11~NM1*QC*1*GRIMALDI*JENNIFER****HN*026662235A~NM1*TT*2*NJ DEPT. OF HUMAN SERVICES*****PI*70078~MOA***MA01*MA07~DTM*050*20130812~SVC*HC:90834*150*54.89**1~DTM*472*20130718~CAS*CO*45*63.83**223*1.12~CAS*PR*2*14**122*16.16~REF*6R*LX#01~REF*LU*11~AMT*B6*86.17~SVC*HC:90834*150*54.89**1~DTM*472*20130729~CAS*CO*45*63.83**223*1.12~CAS*PR*2*14**122*16.16~REF*6R*LX#02~REF*LU*11~AMT*B6*86.17~CLP*135742336 A*19*150*54.89*30.16*MB*0813224230160*11~NM1*QC*1*HAMMOND*NORMAN****HN*135742336A~NM1*TT*2*NJ DEPT. OF HUMAN SERVICES*****PI*70080~MOA***MA01*MA07~DTM*050*20130812~SVC*HC:90834*150*54.89**1~DTM*472*20130716~CAS*CO*45*63.83**223*1.12~CAS*PR*2*14**122*16.16~REF*6R*LX#01~REF*LU*11~AMT*B6*86.17~CLP*124704137A*19*300*109.78*60.32*MB*0813224230170*11~NM1*QC*1*KIM*SUN****HN*124704137A~NM1*TT*2*NJ DEPT. OF HUMAN SERVICES*****PI*70077~MOA***MA01*MA07~DTM*050*20130812~SVC*HC:90834*150*54.89**1~DTM*472*20130717~CAS*CO*45*63.83**223*1.12~CAS*PR*2*14**122*16.16~REF*6R*LX#01~REF*LU*11~AMT*B6*86.17~SVC*HC:90834*150*54.89**1~DTM*472*20130729~CAS*CO*45*63.83**223*1.12~CAS*PR*2*14**122*16.16~REF*6R*LX#02~REF*LU*11~AMT*B6*86.17~CLP*139762323 A*1*150*54.89*30.16*MB*0813224230180*11~NM1*QC*1*STAFFORD*JAMES****HN*139762323A~MOA***MA01~DTM*050*20130812~SVC*HC:90834*150*54.89**1~DTM*472*20130716~CAS*CO*45*63.83**223*1.12~CAS*PR*2*14**122*16.16~REF*6R*LX#01~REF*LU*11~AMT*B6*86.17~CLP*135405190 A*19*300*109.78*60.32*MB*0813224230190*11~NM1*QC*1*ZABOROWSKI*RAYMOND*T***HN*135405190A~NM1*TT*2*NJ DEPT. OF HUMAN SERVICES*****PI*70078~MOA***MA01*MA07~DTM*050*20130812~SVC*HC:90834*150*54.89**1~DTM*472*20130717~CAS*CO*45*63.83**223*1.12~CAS*PR*2*14**122*16.16~REF*6R*LX#01~REF*LU*11~AMT*B6*86.17~SVC*HC:90834*150*54.89**1~DTM*472*20130731~CAS*CO*45*63.83**223*1.12~CAS*PR*2*14**122*16.16~REF*6R*LX#02~REF*LU*11~AMT*B6*86.17~SE*97*0008~ST*835*0009~BPR*I*144*C*CHK************20130902~TRN*1*714699860*1591031071~REF*EV*562291693~REF*F2*GWFC~DTM*405*20130902~N1*PR*GREATWESTHEALTHCARE-CIGNA~N3*8505 E. ORCHARD RD~N4*GREENWOOD VILLAGE*CO*80111~REF*2U*80705~PER*BL*HP*EM*CLAIMS.INTAKE.APP.SUPPORT@HP.COM~PER*IC**UR*WWW.CIGNAFORHCP.COM~PER*CX*GWHC_EDIPROD*EM*GWHC_EDIPROD@CIGNA.COM*TE*3035665635~N1*PE*DANIEL M. EDELMAN*XX*1891744421~N3*13 EAGLE TER~N4*WEST ORANGE*NJ*070525006~REF*PQ*200004352443~REF*TJ*203009626~LX*0~CLP*743305590*1*300*144*16*13*130549751300*11~NM1*QC*1*ZWEIG*JASON****MI*1013539000~NM1*82*1*EDELMAN*DANIEL****XX*1629041165~REF*1L*00605740~REF*CE*OPEN ACCESS PLUS~DTM*050*20130828~AMT*AU*160~SVC*HC:90834*150*72**1~DTM*472*20130812~CAS*CO*45*70~CAS*PR*2*8~REF*6R*658743305590~AMT*B6*80~SVC*HC:90834*150*72**1~DTM*472*20130819~CAS*CO*45*70~CAS*PR*2*8~REF*6R*659743305590~AMT*B6*80~SE*39*0009~ST*835*0010~BPR*I*180*C*CHK************20130902~TRN*1*714699859*1591031071~REF*EV*562291693~REF*F2*GWFC~DTM*405*20130902~N1*PR*GREATWESTHEALTHCARE-CIGNA~N3*8505 E. ORCHARD RD~N4*GREENWOOD VILLAGE*CO*80111~REF*2U*80705~PER*BL*HP*EM*CLAIMS.INTAKE.APP.SUPPORT@HP.COM~PER*IC**UR*WWW.CIGNAFORHCP.COM~PER*CX*GWHC_EDIPROD*EM*GWHC_EDIPROD@CIGNA.COM*TE*3035665635~N1*PE*DANIEL M. EDELMAN*XX*1891744421~N3*13 EAGLE TER~N4*WEST ORANGE*NJ*070525006~REF*PQ*200004352443~REF*TJ*203009626~LX*0~CLP*743305557*1*450*180*60*13*130552033400*11~NM1*QC*1*NARCISSE-BERRIA*SHARON****MI*1013237470~NM1*82*1*EDELMAN*DANIEL****XX*1629041165~REF*1L*00606279~REF*CE*OPEN ACCESS PLUS~DTM*050*20130828~AMT*AU*240~SVC*HC:90834*150*60**1~DTM*472*20130809~CAS*CO*45*70~CAS*PR*3*20~REF*6R*624743305557~AMT*B6*80~SVC*HC:90834*150*60**1~DTM*472*20130816~CAS*CO*45*70~CAS*PR*3*20~REF*6R*625743305557~AMT*B6*80~SVC*HC:90834*150*60**1~DTM*472*20130823~CAS*CO*45*70~CAS*PR*3*20~REF*6R*626743305557~AMT*B6*80~SE*45*0010~GE*10*153407069~IEA*1*153407069~
