ISA*00*          *00*          *ZZ*330897513      *ZZ*ASSOCIATEDBC   *130912*1137*U*00401*153407071*0*P*:~GS*HP*330897513*ASSOCIATEDBC*20130912*1137*153407071*X*004010X091A1~ST*835*0001~BPR*I*63.25*C*ACH*CCP*01*124384877*DA*1470858534*1411289245*000087726*01*031201360*DA*7869322623*20130911~TRN*1*1QG41806034*1411289245*000087726~DTM*405*20130906~N1*PR*UNITED HEALTHCARE INSURANCE COMPANY*XV*87726~N3*9900 BREN ROAD~N4*MINNETONKA*MN*553430000~REF*2U*87726~PER*CX*ATLANTA SERVICE CENTER*TE*8778423210~N1*PE*CENTER FOR PSYCHOLOGICAL SERVI*XX*1457686560~N3*491 AMWELL RD STE 103~N4*HILLSBOROUGH*NJ*088440000~REF*TJ*263895688~LX*1~TS3*1457686560*11*20131231*1*175~CLP*0*1*175*63.25*20*13*4255614268 0020635643*11~NM1*QC*1*SENNA*JOELLEN~NM1*IL*1*SENNA*RONALD****MI*810306009~NM1*82*1*DEMARZO*LAURA****XX*1255372603~REF*1L*701487~REF*CE*CHOYC+~DTM*050*20130829~DTM*232*20130806~AMT*AU*175~SVC*HC:90834*175*63.25**1~DTM*472*20130806~CAS*CO*45*91.75~CAS*PR*3*20~REF*6R*001~AMT*B6*83.25~SE*31*0001~ST*835*0002~BPR*I*62.56*C*CHK************20130910~TRN*1*178603*1942649097*000087726~DTM*405*20130910~N1*PR*UNITED HEALTHCARE INSURANCE COMPANY*XV*87726~N3*P.O. BOX 30535~N4*SALT LAKE CITY*UT*84130~REF*2U*87726~REF*EO*1805600001~N1*PE*KATHERINE HEEG*XX*1457686560~N3*491 AMWELL RD~N4*HILLSBOROUGH*NJ*088448212~REF*TJ*263895688~LX*1~CLP*0*1*150*62.56*87.44*15*13X336422300*11~NM1*QC*1*MOODY*CAROLYN*T***MI*14150473601~NM1*IL*1*MOODY*PAUL*A***MI*141504736~REF*1L*12613~REF*CE*UCR @ 90TH PERCENTILE, MA~DTM*050*20130903~AMT*AU*113.75~SVC*HC:90834*150*62.56**1~DTM*472*20130814~CAS*PR*2*51.19**45*36.25~REF*6R*1~AMT*B6*113.75~SE*27*0002~ST*835*0003~BPR*I*63.25*C*CHK************20130910~TRN*1*PG40501329*1411289245*000087726~DTM*405*20130910~N1*PR*UNITED HEALTHCARE INSURANCE COMPANY*XV*87726~N3*P O BOX 740800~N4*ATLANTA*GA*303740800~REF*2U*87726~PER*CX*GREENSBORO SERVICE CENTER*TE*8778423210~N1*PE*DONNA L MELNICK*XX*1326112780~N3*405 OMNI DR~N4*HILLSBOROUGH*NJ*088440000~REF*TJ*204745931~LX*1~TS3*1326112780*11*20131231*3*450~CLP*977131378*1*150*0**14*4256367059 0008980086*11~NM1*QC*1*BAEZ*HELEN~NM1*IL*1*BAEZ*EUGENE****MI*977131378~REF*1L*729803~REF*CE*CHOYC~DTM*050*20130902~DTM*232*20130803~SVC*HC:90834*150*0**1~DTM*472*20130803~CAS*OA*18*150~REF*6R*335977131378~CLP*863355452*1*150*63.25*20*13*4256367058 0003967828*11~NM1*QC*1*HUGHES*ALEXANDRA~NM1*IL*1*HUGHES*LYNN****MI*863355452~NM1*74*1*HUGHES*LYNN*J~REF*1L*708705~REF*CE*CHOYC+~REF*G1*NOT REQD(UBH)~DTM*050*20130902~DTM*232*20130805~AMT*AU*150~SVC*HC:90834*150*63.25**1~DTM*472*20130805~CAS*CO*45*66.75~CAS*PR*3*20~REF*6R*355863355452~AMT*B6*83.25~CLP*863355452*1*150*0**13*4262543276 0003975081*11~NM1*QC*1*HUGHES*ALEXANDRA~NM1*IL*1*HUGHES*LYNN****MI*863355452~NM1*74*1*HUGHES*LYNN*J~REF*1L*708705~REF*CE*CHOYC+~DTM*050*20130904~DTM*232*20130805~SVC*HC:90834*150*0**1~DTM*472*20130805~CAS*OA*18*150~REF*6R*001~SE*55*0003~ST*835*0004~BPR*H*0*C*NON************20130909~TRN*1*QK91373209*1411289245*000087726~DTM*405*20130909~N1*PR*UNITED HEALTHCARE INSURANCE COMPANY*XV*87726~N3*GREENSBORO SERVICE CENTER*P O BOX 740800~N4*ATLANTA*GA*303740800~REF*2U*87726~PER*CX*GREENSBORO SERVICE CENTER*TE*8778423210~N1*PE*CYNTHIA MARY BRATMAN*XX*1184788275~N3*20 NASSAU ST STE 209~N4*PRINCETON*NJ*085420000~REF*TJ*200286572~LX*1~TS3*1184788275*11*20131231*1*875~CLP*901704668*1*875*0*875*13*4256522323 0091814600*11~NM1*QC*1*WHITNEY*MADELINE~NM1*IL*1*WHITNEY*GENA****MI*531605480~NM1*74*1*WHITNEY*GENA*S***C*837260568~REF*1L*196484~REF*CE*CHOYC+~DTM*050*20130902~DTM*232*20130805~DTM*233*20130828~AMT*AU*825~SVC*HC:90834*175*0**1~DTM*472*20130805~CAS*PR*100*165**45*10~REF*6R*001~AMT*B6*165~SVC*HC:90834*175*0**1~DTM*472*20130808~CAS*PR*100*165**45*10~REF*6R*002~AMT*B6*165~SVC*HC:90834*175*0**1~DTM*472*20130813~CAS*PR*100*165**45*10~REF*6R*003~AMT*B6*165~SVC*HC:90834*175*0**1~DTM*472*20130815~CAS*PR*100*165**45*10~REF*6R*004~AMT*B6*165~SVC*HC:90834*175*0**1~DTM*472*20130828~CAS*PR*100*165**45*10~REF*6R*005~AMT*B6*165~SE*51*0004~ST*835*0005~BPR*H*0*C*NON************20130910~TRN*1*QK91380463*1411289245*000087726~DTM*405*20130910~N1*PR*UNITED HEALTHCARE INSURANCE COMPANY*XV*87726~N3*GREENSBORO SERVICE CENTER*PO BOX 740800~N4*ATLANTA*GA*303740800~REF*2U*87726~PER*CX*GREENSBORO SERVICE CENTER*TE*8778423210~N1*PE*DONNA L MELNICK*XX*1326112780~N3*405 OMNI DR~N4*HILLSBOROUGH*NJ*088440000~REF*TJ*204745931~LX*1~TS3*1326112780*11*20131231*1*150~CLP*861063125*1*150*0**13*4256367057 0014036197*11~NM1*QC*1*GILMORE*KEVIN~NM1*IL*1*GILMORE*KEVIN****MI*861063125~NM1*74*1*GILMORE*KEVIN*C~REF*1L*192988~REF*CE*CHOYC+~DTM*050*20130902~DTM*232*20130801~SVC*HC:90847*150*0**1~DTM*472*20130801~CAS*OA*18*150~REF*6R*352861063125~SE*28*0005~GE*5*153407071~IEA*1*153407071~
