ISA*00*          *00*          *ZZ*330897513      *ZZ*ASSOCIATEDBC   *130913*0524*U*00401*153500877*0*P*:~GS*HP*330897513*ASSOCIATEDBC*20130913*0524*153500877*X*004010X091A1~ST*835*0001~BPR*I*49*C*ACH*CCP*01*031100225*DA*2079950064280/*1220999690**01*231372691*DA*0181143836*20130910~TRN*1*0004204018*1220999690*8352013091103180861~REF*EV*1902991391~DTM*405*20130910~N1*PR*HORIZON BCBSNJ~N3*PAYOR ADDRESS 1~N4*NEWARK*NJ*071010420~REF*2U*22099~N1*PE*M M WIESE WAIBEL LCSW*XX*1902991391~N3*800 RARITAN RD~N4*CLARK*NJ*070661710~REF*PQ*2621359190~REF*TJ*262135919~LX*1~CLP*55600A130830*1*125*49*20*12*780271324750898   00**1~NM1*QC*1*RABADEAU*KATHLEEN****MI*DZVAN4490966~NM1*82*2*M M WIESE WAIBEL LCSW*****XX*1902991391~DTM*050*20130904~DTM*232*20130820~DTM*233*20130820~AMT*AU*69~AMT*T2*49~SVC*HC:99199*125*49**1*HC:90834~DTM*472*20130820~CAS*PR*3*20~CAS*CO*45*56~REF*6R*0~REF*HPI*1902991391~AMT*B6*69~CLP*37200A130820*1*125*0*125*13*780271324985443   00**1~CAS*PR*96*41.17~CAS*OA*96*-41.17~NM1*QC*1*TORRE*JOSEPH*J***MI*3HZN555919000~NM1*74*1*TORRE*JOSEPH****C*3HZN55591900~NM1*82*2*M M WIESE WAIBEL LCSW*****XX*1902991391~MOA***MA69~DTM*050*20130906~DTM*232*20130815~DTM*233*20130815~PER*CX*HORIZON BLUE CROSS BLUE SHIELD OF NEW JERSEY DIRECT ACCESS*TE*8006241110~SVC*HC:99199*125*0**1*HC:90834~DTM*472*20130815~CAS*PR*27*83.83~CAS*OA*23*41.17~REF*6R*0~REF*HPI*1902991391~SE*48*0001~ST*835*0002~BPR*I*57.6*C*ACH*CCP*01*031100225*DA*2079950064280/*1220999690**01*021202337*DA*822183885*20130910~TRN*1*0004204381*1220999690*8352013091103392061~REF*EV*1588960942~DTM*405*20130910~N1*PR*HORIZON BCBSNJ~N3*PAYOR ADDRESS 1~N4*NEWARK*NJ*071010420~REF*2U*22099~N1*PE*LEGACY CONSULTING LLC*XX*1588960942~N3*18 WALLACE ST~N4*RED BANK*NJ*077011857~REF*PQ*2712946760~REF*TJ*271294676~LX*1~CLP*NJX3HZN28080410*1*150*57.6*14.4*13*780261324650985   00**1~NM1*QC*1*KUNZ*PRESTON****MI*3HZN28080410~NM1*IL*1*KUNZ*MATTHEW*D***MI*3HZN280804100~NM1*82*2*LEGACY CONSULTING LLC*****XX*1588960942~DTM*050*20130830~DTM*232*20130401~DTM*233*20130401~PER*CX*NJ DIRECT*TE*8006241110~AMT*AU*72~AMT*T2*57.6~SVC*HC:90847*150*57.6**1~DTM*472*20130401~CAS*PR*2*14.4~CAS*CO*45*78~REF*6R*000001~REF*HPI*1588960942~AMT*B6*72~SE*33*0002~GE*2*153500877~IEA*1*153500877~
