ISA*00*          *00*          *ZZ*330897513      *ZZ*ASSOCIATEDBC   *130913*1118*^*00501*153560060*0*P*:~GS*HP*330897513*ASSOCIATEDBC*20130913*1118*153560060*X*005010X221A1~ST*835*0001~BPR*I*2555.01*C*ACH*CCP*01*011900571*DA*0053724*1061274678*MEDICAID1*01*021101108*DA*1010125763185*20130910~TRN*1*01190057021101108  005931994*1061274678*MEDICAID1~DTM*405*20130906~N1*PR*CT DSS MMIS CONTRACT ADMINISTRATOR~N3*25 SIGOURNEY ST~N4*HARTFORD*CT*53570~REF*EO*752548221~PER*CX*HP PROVIDER ASSISTANCE CENTER*TE*8008428440~PER*BL*EDI HELP DESK*TE*8006880503~N1*PE*SHUPTAR                  TRINA        L*XX*1891844023~N3*6 WHIPPOORWILL LANE~N4*BROOKFIELD*CT*06804~REF*PQ*104100000X,068041302~REF*TJ*303663637~LX*1~CLP*002862617*1*375*189.26**MC*1013238314400*11~NM1*QC*1*HE*A****MR*002862617~NM1*74*1*HEFFERMEHL*AUDREY~DTM*050*20130830~DTM*232*20130801~DTM*233*20130807~SVC*HC:90837:AJ*187.5*94.63**1~DTM*472*20130801~CAS*CO*172*92.87~AMT*B6*94.63~SVC*HC:90837:AJ*187.5*94.63**1~DTM*472*20130807~CAS*CO*172*92.87~AMT*B6*94.63~CLP*003701579*1*187.5*94.63**MC*1013238314410*11~NM1*QC*1*BL*C****MR*003701579~NM1*74*1*BLANK*CHRISTIANA~DTM*050*20130830~DTM*232*20130815~DTM*233*20130815~SVC*HC:90837:AJ*187.5*94.63**1~DTM*472*20130815~CAS*CO*172*92.87~AMT*B6*94.63~CLP*002904649*1*375*189.26**MC*1013238314420*11~NM1*QC*1*BA*W****MR*002904649~NM1*74*1*BAUMGART*WILLIAM~DTM*050*20130830~DTM*232*20130807~DTM*233*20130813~SVC*HC:90837:AJ*187.5*94.63**1~DTM*472*20130807~CAS*CO*172*92.87~AMT*B6*94.63~SVC*HC:90837:AJ*187.5*94.63**1~DTM*472*20130813~CAS*CO*172*92.87~AMT*B6*94.63~CLP*002862620*1*187.5*94.63**MC*1013238314450*11~NM1*QC*1*HE*C****MR*002862620~NM1*74*1*HEFFERMEHL*CARL~DTM*050*20130830~DTM*232*20130814~DTM*233*20130814~SVC*HC:90837:AJ*187.5*94.63**1~DTM*472*20130814~CAS*CO*172*92.87~AMT*B6*94.63~CLP*002013789*1*187.5*94.63**MC*1013238314460*11~NM1*QC*1*MA*L****MR*002013789~NM1*74*1*MARENO*LOUISE~DTM*050*20130830~DTM*232*20130813~DTM*233*20130813~SVC*HC:90837:AJ*187.5*94.63**1~DTM*472*20130813~CAS*CO*172*92.87~AMT*B6*94.63~CLP*003229497*1*375*189.26**MC*1013238314470*11~NM1*QC*1*LE*J****MR*003229497~NM1*74*1*LEDOUX*JENNA~DTM*050*20130830~DTM*232*20130805~DTM*233*20130814~SVC*HC:90837:AJ*187.5*94.63**1~DTM*472*20130805~CAS*CO*172*92.87~AMT*B6*94.63~SVC*HC:90837:AJ*187.5*94.63**1~DTM*472*20130814~CAS*CO*172*92.87~AMT*B6*94.63~CLP*003375662*1*562.5*283.89**MC*1013238314480*11~NM1*QC*1*LE*A****MR*003375662~NM1*74*1*LEDOUX*AUGUST~DTM*050*20130830~DTM*232*20130801~DTM*233*20130813~SVC*HC:90837:AJ*187.5*94.63**1~DTM*472*20130801~CAS*CO*172*92.87~AMT*B6*94.63~SVC*HC:90837:AJ*187.5*94.63**1~DTM*472*20130808~CAS*CO*172*92.87~AMT*B6*94.63~SVC*HC:90837:AJ*187.5*94.63**1~DTM*472*20130813~CAS*CO*172*92.87~AMT*B6*94.63~CLP*0*1*187.5*94.63**MC*1013238314490*11~NM1*QC*1*HE*C****MR*003373386~NM1*74*1*HEIBLER*COLLEN~DTM*050*20130830~DTM*232*20130808~DTM*233*20130808~SVC*HC:90837:AJ*187.5*94.63**1~DTM*472*20130808~CAS*CO*172*92.87~AMT*B6*94.63~CLP*002862621*1*187.5*94.63**MC*1013238314500*11~NM1*QC*1*HE*G****MR*002862621~NM1*74*1*HEFFERMEHL*GLEN~DTM*050*20130830~DTM*232*20130808~DTM*233*20130808~SVC*HC:90837:AJ*187.5*94.63**1~DTM*472*20130808~CAS*CO*172*92.87~AMT*B6*94.63~CLP*002862616*1*187.5*94.63**MC*1013238314510*11~NM1*QC*1*HE*G****MR*002862616~NM1*74*1*HEFFERMEHL*GLEN~DTM*050*20130830~DTM*232*20130812~DTM*233*20130812~SVC*HC:90837:AJ*187.5*94.63**1~DTM*472*20130812~CAS*CO*172*92.87~AMT*B6*94.63~CLP*0036659+19*1*375*189.26**MC*1013238314520*11~NM1*QC*1*WI*I****MR*003665919~NM1*74*1*WILKINS*ISAIAH~DTM*050*20130830~DTM*232*20130805~DTM*233*20130814~SVC*HC:90837:AJ*187.5*94.63**1~DTM*472*20130805~CAS*CO*172*92.87~AMT*B6*94.63~SVC*HC:90837:AJ*187.5*94.63**1~DTM*472*20130814~CAS*CO*172*92.87~AMT*B6*94.63~CLP*003307870*1*375*189.26**MC*1013238314530*11~NM1*QC*1*WA*S****MR*003307870~NM1*74*1*WASSONG*SEVEN~DTM*050*20130830~DTM*232*20130806~DTM*233*20130815~SVC*HC:90837:AJ*187.5*94.63**1~DTM*472*20130806~CAS*CO*172*92.87~AMT*B6*94.63~SVC*HC:90837:AJ*187.5*94.63**1~DTM*472*20130815~CAS*CO*172*92.87~AMT*B6*94.63~CLP*002179677*1*375*189.26**MC*1013238314540*11~NM1*QC*1*WA*A****MR*002179677~NM1*74*1*WASSONG*AIMEE~DTM*050*20130830~DTM*232*20130806~DTM*233*20130813~SVC*HC:90837:AJ*187.5*94.63**1~DTM*472*20130806~CAS*CO*172*92.87~AMT*B6*94.63~SVC*HC:90837:AJ*187.5*94.63**1~DTM*472*20130813~CAS*CO*172*92.87~AMT*B6*94.63~CLP*002414192*1*187.5*94.63**MC*1013238314550*11~NM1*QC*1*RA*A****MR*002414192~NM1*74*1*RAJCOK*ASHLEY~DTM*050*20130830~DTM*232*20130808~DTM*233*20130808~SVC*HC:90837:AJ*187.5*94.63**1~DTM*472*20130808~CAS*CO*172*92.87~AMT*B6*94.63~CLP*002712475*1*187.5*94.63**MC*1013238314560*11~NM1*QC*1*PR*Z****MR*002712475~NM1*74*1*PROSSER*ZACHARY~DTM*050*20130830~DTM*232*20130805~DTM*233*20130805~SVC*HC:90837:AJ*187.5*94.63**1~DTM*472*20130805~CAS*CO*172*92.87~AMT*B6*94.63~CLP*002748092*1*187.5*94.63**MC*1013238314570*11~NM1*QC*1*PR*D****MR*002748092~NM1*74*1*PROSSER*DEAN~DTM*050*20130830~DTM*232*20130813~DTM*233*20130813~SVC*HC:90837:AJ*187.5*94.63**1~DTM*472*20130813~CAS*CO*172*92.87~AMT*B6*94.63~CLP*003534302*1*187.5*94.63**MC*1013238314580*11~NM1*QC*1*OC*J****MR*003534320~NM1*74*1*OCONNOR*JAMES~DTM*050*20130830~DTM*232*20130812~DTM*233*20130812~SVC*HC:90837:AJ*187.5*94.63**1~DTM*472*20130812~CAS*CO*172*92.87~AMT*B6*94.63~CLP*003534321*1*187.5*94.63**MC*1013238314590*11~NM1*QC*1*OC*C****MR*003534321~NM1*74*1*OCONNOR*CLARE~DTM*050*20130830~DTM*232*20130815~DTM*233*20130815~SVC*HC:90837:AJ*187.5*94.63**1~DTM*472*20130815~CAS*CO*172*92.87~AMT*B6*94.63~CLP*002935255*1*187.5*94.63**MC*1013238314600*11~NM1*QC*1*MA*M****MR*002935255~NM1*74*1*MARENO*MCKENZIE~DTM*050*20130830~DTM*232*20130807~DTM*233*20130807~SVC*HC:90837:AJ*187.5*94.63**1~DTM*472*20130807~CAS*CO*172*92.87~AMT*B6*94.63~SE*239*0001~GE*1*153560060~IEA*1*153560060~
