ISA*00*          *00*          *ZZ*330897513      *ZZ*ASSOCIATEDBC   *130913*0524*^*00501*153500865*0*P*:~GS*HP*330897513*ASSOCIATEDBC*20130913*0524*153500865*X*005010X221A1~ST*835*0001~BPR*H*0*C*NON************20130910~TRN*1*V54923001325310*1237391136~REF*EV*EMPIRENY~DTM*405*20130910~N1*PR*EMPIRE HEALTHCHOICE ASSURANCE, INC.~N3*165 BROADWAY~N4*NEW YORK*NY*10006~PER*BL*EDI SOLUTIONS*TE*8668897322*EM*EDIHELPDESK-NE@WELLPOINT.COM~N1*PE*CYNTHIA M BRATMAN PHD*XX*1184788275~N3*STE 209*20 NASSAU ST~N4*PRINCETON*NJ*08542~REF*TJ*200286572~LX*1~CLP*0*1*175*0*175*15*32539971320~NM1*QC*1*CUSUMANO*RACHEL****MI*BLM144680948~NM1*IL*1*CUSUMANO*AMY-SUE****MI*BLM144680948~REF*1L*295798PPO~DTM*050*20130909~PER*CX*EMPIRE HEALTHCHOICE ASSURANCE, INC.*TE*8664076468~SVC*HC:90834*175*0**1**0~DTM*472*20130819~CAS*PR*1*175~AMT*B6*175~SE*25*0001~ST*835*0002~BPR*H*0*C*NON************20130911~TRN*1*012694659*1216000928~REF*EV*9904204~DTM*405*20130906~N1*PR*NEW JERSEY MEDICAID~N3*3705 QUAKERBRIDGE ROAD, SUITE 101~N4*TRENTON*NJ*086191288~PER*CX*NEW JERSEY MEDICAID PROVIDER SERVICES*TE*8007766334~PER*BL*NEW JERSEY EDI UNIT*TE*6095886051*EM*NJMMISEDI@MOLINAHEALTHCARE.COM*FX*6095848268~PER*IC**UR*WWW.NJMMIS.COM~N1*PE*WAY          KAREN      GPHD*XX*1477603942~REF*PQ*0225177~REF*TJ*008388097~LX*1~CLP*123035462701*4*150*0**MC*201324010054501-03061895*11~NM1*QC*1*DIXMO*K****MR*122082509401~DTM*232*20130521~DTM*233*20130521~SVC*HC:90834*150*0~DTM*472*20130521~CAS*OA*16*150~AMT*B6*35.64~LQ*HE*MA80~LQ*HE*N111~CLP*123035462701*4*150*0**MC*201324010054502-03061895*11~NM1*QC*1*DIXMO*K****MR*122082509401~DTM*232*20130531~DTM*233*20130531~SVC*HC:90834*150*0~DTM*472*20130531~CAS*OA*16*150~AMT*B6*35.64~LQ*HE*MA80~LQ*HE*N111~CLP*123035462701*4*150*0**MC*201324010054503-03061895*11~NM1*QC*1*DIXMO*K****MR*122082509401~DTM*232*20130618~DTM*233*20130618~SVC*HC:90834*150*0~DTM*472*20130618~CAS*OA*16*150~AMT*B6*35.64~LQ*HE*MA80~LQ*HE*N111~CLP*123035462701*4*150*0**MC*201324010054504-03061895*11~NM1*QC*1*DIXMO*K****MR*122082509401~DTM*232*20130620~DTM*233*20130620~SVC*HC:90834*150*0~DTM*472*20130620~CAS*OA*16*150~AMT*B6*35.64~LQ*HE*MA80~LQ*HE*N111~CLP*123035462701*4*150*0**MC*201324010054505-03061895*11~NM1*QC*1*DIXMO*K****MR*122082509401~DTM*232*20130625~DTM*233*20130625~SVC*HC:90834*150*0~DTM*472*20130625~CAS*OA*16*150~AMT*B6*35.64~LQ*HE*MA80~LQ*HE*N111~CLP*123035462701*4*150*0**MC*201324010054506-03061895*11~NM1*QC*1*DIXMO*K****MR*122082509401~DTM*232*20130705~DTM*233*20130705~SVC*HC:90834*150*0~DTM*472*20130705~CAS*OA*16*150~AMT*B6*35.64~LQ*HE*MA80~LQ*HE*N111~CLP*123035462701*1*150*35.64**MC*201324756101901-0306*11*1~NM1*QC*1*DIX-MOON*KIMBERLI****MR*123035462701~DTM*232*20130801~DTM*233*20130801~AMT*AU*35.64~SVC*HC:90834*150*35.64**1**0~DTM*472*20130801~CAS*CO*45*114.36~REF*6R*928123035462701~AMT*B6*35.64~LQ*HE*MA80~CLP*18600A130816*2*150*0**MC*201324922009701-03060670*11*1~NM1*QC*1*FRAMPTON*STEPHEN****MR*152030463701~REF*EA*0913232082260~DTM*232*20130801~DTM*233*20130801~SVC*HC:90834*150*0**1**0~DTM*472*20130801~CAS*CO*45*150~REF*6R*30018600A130816~LQ*HE*MA80~LQ*HE*M86~CLP*21800A130816*2*150*0**MC*201324924149001-0670*11*1~NM1*QC*1*HAMMOND*NORMAN****MR*122081285101~REF*EA*0913232079900~DTM*232*20130806~DTM*233*20130806~SVC*HC:90834*150*0**1**0~DTM*472*20130806~CAS*CO*45*150~REF*6R*0~LQ*HE*M86~CLP*22100A130816*2*150*0**MC*201324922905301-13320670*11*1~NM1*QC*1*ZABOROWSKI*RAYMOND*T***MR*122077125801~REF*EA*0913232079910~DTM*232*20130807~DTM*233*20130807~SVC*HC:90834*150*0**1**0~DTM*472*20130807~CAS*CO*45*150~REF*6R*0~LQ*HE*M57~LQ*HE*M86~CLP*22300A130816*4*150*0**MC*201324922009601-06700970*11*1~NM1*QC*1*KIM*SUN*C***MR*122001580001~NM1*PR*2*UNITED HEALTHCARE*****PI*AN5~NM1*GB*1*KIM*SUN~REF*EA*0913232079920~DTM*232*20130807~DTM*233*20130807~SVC*HC:90834*150*0~DTM*472*20130807~CAS*OA*16*150~REF*6R*0~LQ*HE*M86~LQ*HE*MA92~CLP*22400A130816*2*150*0**MC*201324922905201-13320670*11*1~NM1*QC*1*GRIMALDI*JENNIFER*J***MR*212080697401~REF*EA*0913232079930~DTM*232*20130808~DTM*233*20130808~SVC*HC:90834*150*0**1**0~DTM*472*20130808~CAS*CO*45*150~REF*6R*0~LQ*HE*M57~LQ*HE*M86~PLB*1477603942*20131231*CS:20131870138*35.64~SE*144*0002~ST*835*0003~BPR*I*160*C*CHK************20130904~TRN*1*256440*1522135463*CMC1~REF*EV*330897513~REF*F2*CAPS STL~DTM*405*20130904~N1*PR*MAGELLAN BEHAVIORAL HEALTH SYSTEMS, LLC. COMCAST~N3*P.O. BOX 1005~N4*MARYLAND HEIGHTS,*MO*63043~PER*CX**TE*8003276247*TE*8006352883~PER*BL*MAGELLAN EDI*TE*3143875890~N1*PE*DANIEL EDELMAN PSYD PC*XX*1891744421~N3*13 EAGLE TER~N4*WEST ORANGE*NJ*070525006~REF*TJ*203009626~LX*1~CLP*743305507*1*300*160*30*13*114027722*11*B~NM1*QC*1*CALDWELL*BENJAMIN~NM1*IL*1*CALDWELL*DEBORAH****MI*COM163568924~NM1*74*1***J~NM1*82*1*EDELMAN*DANIEL MARC****XX*1629041165~REF*F8*79714374P3~DTM*050*20130828~DTM*232*20130806~DTM*233*20130816~SVC*HC:90834*150*80**1~DTM*472*20130806~CAS*CO*45*55~CAS*PR*3*15~REF*6R*579743305507~REF*HPI*1629041165~AMT*B6*95~SVC*HC:90834*150*80**1~DTM*472*20130816~CAS*CO*45*55~CAS*PR*3*15~REF*6R*580743305507~REF*HPI*1629041165~AMT*B6*95~SE*40*0003~ST*835*0004~BPR*I*77.65*C*CHK************20130907~TRN*1*20130907104000410EPRA178334*1910214500*N~REF*EV*PB5~DTM*405*20130907~N1*PR*THE EVERETT CLINIC~N3*3901 HOYT AVE~N4*EVERETT*WA*98201~PER*CX*EDI TEAM*EM*EDI@PREMERA.COM*TE*8004352715~PER*BL*EDI TEAM*EM*EDI@PREMERA.COM*TE*8004352715~N1*PE*KATHI L. JACKSON*XX*1144266438~N3*2731 WETMORE AVE*STE 240~N4*EVERETT*WA*982013581~REF*TJ*447585592~LX*0~CLP*745814886*1*150*77.65*19.41*12*827295131200*11*1~NM1*QC*1*REID*STEPHANIE  1****MI*101075413~NM1*74*1**STEPHANIE*D***C*10107541301~REF*1L*1018226~REF*CE*PBC PPO (HERITAGE) NETWORK~DTM*050*20130904~AMT*AU*97.06~SVC*HC:90834*150*77.65**1~DTM*472*20130828~CAS*PR*2*19.41~CAS*CO*45*52.94~REF*6R*118745814886~AMT*B6*97.06~SE*29*0004~ST*835*0005~BPR*I*72.06*C*CHK************20130907~TRN*1*20130907149010220EPRA15865210*1910499247*N~REF*EV*PB5~DTM*405*20130907~N1*PR*PREMERA BLUE CROSS~N3*PO BOX 327*MS 357~N4*SEATTLE*WA*98111~PER*CX*EDI TEAM*EM*EDI@PREMERA.COM*TE*8004352715~PER*BL*EDI TEAM*EM*EDI@PREMERA.COM*TE*8004352715~N1*PE*KATHI L. JACKSON*XX*1144266438~N3*2731 WETMORE AVE*STE 240~N4*EVERETT*WA*982013581~REF*TJ*447585592~LX*0~CLP*745814881*1*150*72.06*25*12*827297850000*11*1~NM1*QC*1*HAGAN*JOANNA*L***MI*100492184~NM1*74*1******C*10049218401~REF*1L*1000016~REF*CE*PBC PPO (HERITAGE) NETWORK~DTM*050*20130904~AMT*AU*97.06~SVC*HC:90834*150*72.06**1~DTM*472*20130827~CAS*PR*3*25~CAS*CO*45*52.94~REF*6R*112745814881~AMT*B6*97.06~SE*29*0005~GE*5*153500865~IEA*1*153500865~
