ISA*00*          *00*          *ZZ*330897513      *ZZ*ASSOCIATEDBC   *130913*1118*U*00401*153560063*0*P*:~GS*HP*330897513*ASSOCIATEDBC*20130913*1118*153560063*X*004010X091A1~ST*835*0001~BPR*I*35*C*CHK************20130911~TRN*1*PG40518668*1411289245*000087726~DTM*405*20130911~N1*PR*UNITED HEALTHCARE INSURANCE COMPANY*XV*87726~N3*GREENSBORO SERVICE CENTER*P.O. BOX 30551~N4*SALT LAKE CITY*UT*841300551~REF*2U*87726~PER*CX*GREENSBORO SERVICE CENTER*TE*8778423210~N1*PE*MAUREEN WIESE WAIBEL LLC*XX*1902991391~N3*800 RARITAN RD~N4*CLARK*NJ*070660000~REF*TJ*262135919~LX*1~TS3*1902991391*11*20131231*1*250~CLP*60000A130903*1*250*35*40*13*4258872917 0039436124*11~NM1*QC*1*BERKOWITZ*DAVID~NM1*IL*1*BERKOWITZ*DAVID****MI*861165032~NM1*74*1*BERKOWITZ*DAVID*K~REF*1L*194422~REF*CE*CHOYC+~DTM*050*20130904~DTM*232*20130827~AMT*AU*250~SVC*HC:90791*250*35**1~DTM*472*20130827~CAS*CO*45*175~CAS*PR*3*40~REF*6R*0~AMT*B6*75~SE*31*0001~GE*1*153560063~IEA*1*153560063~
