ISA*00*          *00*          *ZZ*330897513      *ZZ*ASSOCIATEDBC   *130913*2046*U*00401*153628597*0*P*:~GS*HP*330897513*ASSOCIATEDBC*20130913*2046*153628597*X*004010X091A1~ST*835*0001~BPR*I*684*C*ACH*CCP*01*031100225*DA*2079950064280/*1220999690**01*021202337*DA*822183885*20130911~TRN*1*0004211421*1220999690*8352013091203311873~REF*EV*1588960942~DTM*405*20130911~N1*PR*HORIZON BCBSNJ~N3*PAYOR ADDRESS 1~N4*NEWARK*NJ*071010420~REF*2U*22099~N1*PE*LEGACY CONSULTING LLC*XX*1588960942~N3*18 WALLACE ST~N4*RED BANK*NJ*077011857~REF*PQ*2712946760~REF*TJ*271294676~LX*1~CLP*TMX805773650*1*1850*558*420*12*780261325043767   00**1~NM1*QC*1*FLORIO*ANDREW****MI*TMX805773650~NM1*IL*1*TUMBLESON*HEATHER****MI*TMX805773650~NM1*82*2*LEGACY CONSULTING LLC*****XX*1588960942~DTM*050*20130906~DTM*232*20130321~DTM*233*20130603~AMT*AU*978~AMT*T2*558~SVC*HC:99199*125*39**1*HC:90834~DTM*472*20130321~CAS*PR*204*30~CAS*CO*45*56~REF*6R*000001~REF*HPI*1588960942~AMT*B6*69~SVC*HC:99199*125*39**1*HC:90834~DTM*472*20130328~CAS*PR*204*30~CAS*CO*45*56~REF*6R*000002~REF*HPI*1588960942~AMT*B6*69~SVC*HC:99199*125*39**1*HC:90834~DTM*472*20130403~CAS*PR*204*30~CAS*CO*45*56~REF*6R*000003~REF*HPI*1588960942~AMT*B6*69~SVC*HC:99199*125*39**1*HC:90834~DTM*472*20130408~CAS*PR*204*30~CAS*CO*45*56~REF*6R*000004~REF*HPI*1588960942~AMT*B6*69~SVC*HC:99199*125*39**1*HC:90834~DTM*472*20130415~CAS*PR*204*30~CAS*CO*45*56~REF*6R*000005~REF*HPI*1588960942~AMT*B6*69~SVC*HC:90847*150*42**1~DTM*472*20130416~CAS*PR*204*30~CAS*CO*45*78~REF*6R*000006~REF*HPI*1588960942~AMT*B6*72~SVC*HC:99199*125*39**1*HC:90834~DTM*472*20130422~CAS*PR*204*30~CAS*CO*45*56~REF*6R*000007~REF*HPI*1588960942~AMT*B6*69~SVC*HC:90847*150*42**1~DTM*472*20130424~CAS*PR*204*30~CAS*CO*45*78~REF*6R*000008~REF*HPI*1588960942~AMT*B6*72~SVC*HC:99199*125*39**1*HC:90834~DTM*472*20130429~CAS*PR*204*30~CAS*CO*45*56~REF*6R*000009~REF*HPI*1588960942~AMT*B6*69~SVC*HC:90847*150*42**1~DTM*472*20130430~CAS*PR*204*30~CAS*CO*45*78~REF*6R*000010~REF*HPI*1588960942~AMT*B6*72~SVC*HC:99199*125*39**1*HC:90834~DTM*472*20130506~CAS*PR*204*30~CAS*CO*45*56~REF*6R*000011~REF*HPI*1588960942~AMT*B6*69~SVC*HC:90847*150*42**1~DTM*472*20130507~CAS*PR*204*30~CAS*CO*45*78~REF*6R*000012~REF*HPI*1588960942~AMT*B6*72~SVC*HC:99199*125*39**1*HC:90834~DTM*472*20130520~CAS*PR*204*30~CAS*CO*45*56~REF*6R*000013~REF*HPI*1588960942~AMT*B6*69~SVC*HC:99199*125*39**1*HC:90834~DTM*472*20130603~CAS*PR*204*30~CAS*CO*45*56~REF*6R*000014~REF*HPI*1588960942~AMT*B6*69~CLP*DATANOTSUPPLIED*1*275*126*15*12*780261325042121   00**1~NM1*QC*1*THOMAS*RAYMOND*N***MI*IRD960626505~NM1*82*2*LEGACY CONSULTING LLC*****XX*1588960942~DTM*050*20130906~DTM*232*20130828~DTM*233*20130828~AMT*AU*141~AMT*T2*126~SVC*HC:90847*150*57**1~DTM*472*20130828~CAS*PR*3*15~CAS*CO*45*78~REF*6R*000001~REF*HPI*1588960942~AMT*B6*72~SVC*HC:99199*125*69**1*HC:90834~DTM*472*20130828~CAS*CO*45*56~REF*6R*000002~REF*HPI*1588960942~AMT*B6*69~SE*144*0001~ST*835*0002~BPR*I*262.8*C*ACH*CCP*01*031100225*DA*2079950064280/*1220999690**01*021200339*DA*009446669199*20130911~TRN*1*0004206095*1220999690*8352013091203311810~REF*EV*1033218813~DTM*405*20130911~N1*PR*HORIZON BCBSNJ~N3*PAYOR ADDRESS 1~N4*NEWARK*NJ*071010420~REF*2U*22099~N1*PE*R T ARENA PHD*XX*1033218813~N3*49 MARKET ST~N4*SADDLE BROOK*NJ*076634849~REF*PQ*0533279390~REF*TJ*053327939~LX*1~CLP*45800A130826*1*150*65.7*7.3*13*780261324077903   00**1~NM1*QC*1*CORDERO*JUAN*P***MI*NJX3HZN16175430~NM1*IL*1*CAPURSI-CORDERO*MARYANN****MI*3HZN161754300~NM1*74*1*CAPURSI*MARYANN****C*3HZN161754300~NM1*82*2*R T ARENA PHD*****XX*1033218813~DTM*050*20130828~DTM*232*20130807~DTM*233*20130807~PER*CX*NJ DIRECT*TE*8006241110~AMT*AU*73~AMT*T2*65.7~SVC*HC:99199*150*65.7**1*HC:90837~DTM*472*20130807~CAS*PR*2*7.3~CAS*CO*45*77~REF*6R*0~REF*HPI*1033218813~AMT*B6*73~CLP*46700A130826*1*150*65.7*7.3*13*780271324004569   00**1~NM1*QC*1*CORDERO*JUAN*P***MI*NJX3HZN16175430~NM1*IL*1*CAPURSI-CORDERO*MARYANN****MI*3HZN161754300~NM1*74*1*CAPURSI*MARYANN****C*3HZN161754300~NM1*82*2*R T ARENA PHD*****XX*1033218813~DTM*050*20130828~DTM*232*20130821~DTM*233*20130821~PER*CX*NJ DIRECT*TE*8006241110~AMT*AU*73~AMT*T2*65.7~SVC*HC:99199*150*65.7**1*HC:90837~DTM*472*20130821~CAS*PR*2*7.3~CAS*CO*45*77~REF*6R*0~REF*HPI*1033218813~AMT*B6*73~CLP*46800A130826*1*150*65.7*7.3*13*780261324087149   00**1~NM1*QC*1*NESHAN*DANIEL*G***MI*NJX3HZN99548930~NM1*IL*1*NESHAM*DANIELLE****MI*3HZN995489300~NM1*74*1*NESHAN*DANIELLE*M***C*3HZN995489300~NM1*82*2*R T ARENA PHD*****XX*1033218813~DTM*050*20130828~DTM*232*20130821~DTM*233*20130821~PER*CX*NJ DIRECT*TE*8006241110~AMT*AU*73~AMT*T2*65.7~SVC*HC:99199*150*65.7**1*HC:90834~DTM*472*20130821~CAS*PR*2*7.3~CAS*CO*45*77~REF*6R*0~REF*HPI*1033218813~AMT*B6*73~CLP*45900A130826*1*150*65.7*7.3*13*780271324004708   00**1~NM1*QC*1*NESHAN*DANIEL*G***MI*NJX3HZN99548930~NM1*IL*1*NESHAM*DANIELLE****MI*3HZN995489300~NM1*74*1*NESHAN*DANIELLE*M***C*3HZN995489300~NM1*82*2*R T ARENA PHD*****XX*1033218813~DTM*050*20130828~DTM*232*20130807~DTM*233*20130807~PER*CX*NJ DIRECT*TE*8006241110~AMT*AU*73~AMT*T2*65.7~SVC*HC:99199*150*65.7**1*HC:90834~DTM*472*20130807~CAS*PR*2*7.3~CAS*CO*45*77~REF*6R*0~REF*HPI*1033218813~AMT*B6*73~SE*88*0002~ST*835*0003~BPR*I*25.24*C*ACH*CCP*01*031100225*DA*2079950064280/*1220999690**01*231372691*DA*0181143836*20130911~TRN*1*0004211105*1220999690*8352013091203170800~REF*EV*1902991391~DTM*405*20130911~N1*PR*HORIZON BCBSNJ~N3*PAYOR ADDRESS 1~N4*NEWARK*NJ*071010420~REF*2U*22099~N1*PE*M M WIESE WAIBEL LCSW*XX*1902991391~N3*800 RARITAN RD~N4*CLARK*NJ*070661710~REF*PQ*2621359190~REF*TJ*262135919~LX*1~CLP*143342949A*2*125*12.62*10*13*780271325323474   00**1~NM1*QC*1*COSQUER*DOLORES****MI*3HZN22671350~NM1*82*2*M M WIESE WAIBEL LCSW*****XX*1902991391~DTM*050*20130910~DTM*232*20130731~DTM*233*20130731~PER*CX*NJ DIRECT*TE*8006241110~AMT*AU*63.79~AMT*T2*12.62~SVC*HC:99199*125*12.62**1*HC:90834~DTM*472*20130731~CAS*PR*3*10~CAS*OA*23*102.38~REF*6R*LX#01~REF*HPI*1902991391~AMT*B6*63.79~CLP*36300A130820*2*125*12.62*10*13*780271325326778   00**1~NM1*QC*1*COSQUER*DOLORES****MI*3HZN22671350~NM1*82*2*M M WIESE WAIBEL LCSW*****XX*1902991391~DTM*050*20130910~DTM*232*20130814~DTM*233*20130814~PER*CX*NJ DIRECT*TE*8006241110~AMT*AU*63.79~AMT*T2*12.62~SVC*HC:99199*125*12.62**1*HC:90834~DTM*472*20130814~CAS*PR*3*10~CAS*OA*23*102.38~REF*6R*26536300A130820~REF*HPI*1902991391~AMT*B6*63.79~SE*48*0003~GE*3*153628597~IEA*1*153628597~
