ISA*00*          *00*          *ZZ*330897513      *ZZ*ASSOCIATEDBC   *130916*0649*U*00401*153735272*0*P*:~GS*HP*330897513*ASSOCIATEDBC*20130916*0649*153735272*X*004010X091A1~ST*835*0001~BPR*I*299.3*C*ACH*CCP*01*124384877*DA*1470858534*1411289245*000087726*01*323371076*DA*17606003194*20130916~TRN*1*1QG92714028*1411289245*000087726~DTM*405*20130911~N1*PR*UNITED HEALTHCARE INSURANCE COMPANY*XV*87726~N3*9900 BREN ROAD~N4*MINNETONKA*MN*553430000~REF*2U*87726~PER*CX*ATLANTA SERVICE CENTER*TE*8778423210~N1*PE*KATHI L JACKSON PHD*XX*1144266438~N3*2731 WETMORE AVENUE 240~N4*EVERETT*WA*982010000~REF*TJ*447585592~LX*1~TS3*1144266438*11*20131231*3*750~CLP*745821165*1*300*145*40*13*4258854082 0057074709*11~NM1*QC*1*BROPHY*BRITTANY~NM1*IL*1*BROPHY*BARRY****MI*823993638~REF*1L*228485~REF*CE*CHOYC+~DTM*050*20130904~DTM*232*20130813~DTM*233*20130820~AMT*AU*300~SVC*HC:90834*150*72.5**1~DTM*472*20130813~CAS*CO*45*57.5~CAS*PR*3*20~REF*6R*040745821165~AMT*B6*92.5~SVC*HC:90834*150*72.5**1~DTM*472*20130820~CAS*CO*45*57.5~CAS*PR*3*20~REF*6R*041745821165~AMT*B6*92.5~CLP*745814879*1*300*81.8*20.45*13*4258854083 0036401047*11~NM1*QC*1*DALTON*JENNICA~NM1*IL*1*DALTON*CHRISTINE****MI*837211553~NM1*74*1*DALTON*CHRISTINE*L~REF*1L*189416~REF*CE*CHOYC+~DTM*050*20130904~DTM*232*20130831~AMT*AU*300~SVC*HC:90791*300*81.8**1~DTM*472*20130831~CAS*CO*45*197.75~CAS*PR*2*20.45~REF*6R*107745814879~AMT*B6*102.25~CLP*745814877*1*150*72.5*20*13*4264728076 0057170860*11~NM1*QC*1*BROPHY*BRITTANY~NM1*IL*1*BROPHY*BARRY****MI*823993638~REF*1L*228485~REF*CE*CHOYC+~DTM*050*20130910~DTM*232*20130827~AMT*AU*150~SVC*HC:90834*150*72.5**1~DTM*472*20130827~CAS*CO*45*57.5~CAS*PR*3*20~REF*6R*433745814877~AMT*B6*92.5~SE*66*0001~ST*835*0002~BPR*I*105*C*CHK************20130912~TRN*1*PG40529719*1411289245*000087726~DTM*405*20130912~N1*PR*UNITED HEALTHCARE INSURANCE COMPANY*XV*87726~N3*P O BOX 740800~N4*ATLANTA*GA*303740800~REF*2U*87726~PER*CX*KINGSTON SERVICE CENTER*TE*8778423210~N1*PE*NANCY SAXTON LOPEZ*XX*1053490193~N3*6 PROSPECT ST STE 3B~N4*MIDLAND PARK*NJ*074320000~REF*TJ*096386775~LX*1~TS3*1053490193*11*20131231*2*375~CLP*745787327*1*125*45*15*13*4258870131 0017750964*11~NM1*QC*1*PAPERA*ELIZABETH~NM1*IL*1*PAPERA*RAYMOND****MI*922875257~NM1*74*1*PAPERA*RAYMOND*J~REF*1L*701815~REF*CE*CHOYC+~DTM*050*20130904~DTM*232*20130829~AMT*AU*125~SVC*HC:90834*125*45**1~DTM*472*20130829~CAS*CO*45*65~CAS*PR*3*15~REF*6R*951745787327~AMT*B6*60~CLP*970114223*1*250*60*60*13*4258870133 0004126134*11~NM1*QC*1*HAND*SARIT~NM1*IL*1*HAND*SARIT****MI*970114223~NM1*74*1*HAND*SARIT*F~REF*1L*752233~REF*CE*CHOYC+~DTM*050*20130904~DTM*232*20130819~DTM*233*20130827~AMT*AU*250~SVC*HC:90834*125*30**1~DTM*472*20130819~CAS*CO*45*65~CAS*PR*3*30~REF*6R*847970114223~AMT*B6*60~SVC*HC:90834*125*30**1~DTM*472*20130827~CAS*CO*45*65~CAS*PR*3*30~REF*6R*848970114223~AMT*B6*60~SE*53*0002~ST*835*0003~BPR*I*45*C*CHK************20130912~TRN*1*PH41258738*1411289245*000087726~DTM*405*20130912~N1*PR*UNITED HEALTHCARE INSURANCE COMPANY*XV*87726~N3*GREENSBORO SERVICE CENTER*P.O. BOX 740800~N4*ATLANTA*GA*303740800~REF*2U*87726~PER*CX*GREENSBORO SERVICE CENTER*TE*8778423210~N1*PE*ROBYN M REZNIK*XX*1417034182~N3*9 PROFESSIONAL CIR STE 206~N4*COLTS NECK*NJ*077220000~REF*TJ*204217997~LX*1~TS3*1417034182*11*20131231*1*125~CLP*72100A130909*1*125*45*15*13*4264717044 0005655198*11~NM1*QC*1*BUSZKO*KRISTEN~NM1*IL*1*BUSZKO*KRISTEN****MI*829910697~NM1*74*1*BUSZKO*KRISTEN*A~REF*1L*700049~REF*CE*CHOYC+~DTM*050*20130910~DTM*232*20130830~AMT*AU*125~SVC*HC:90834*125*45**1~DTM*472*20130830~CAS*CO*45*65~CAS*PR*3*15~REF*6R*0~AMT*B6*60~SE*31*0003~GE*3*153735272~IEA*1*153735272~
