ISA*00*          *00*          *ZZ*330897513      *ZZ*ASSOCIATEDBC   *130916*0128*^*00501*153724297*0*P*:~GS*HP*330897513*ASSOCIATEDBC*20130916*0128*153724297*X*005010X221A1~ST*835*0001~BPR*I*150*C*ACH*CCP*01*031100209*DA*0038865237*1066033492**01*031201360*DA*7869322623*20130918~TRN*1*160913130023264*1066033492~REF*EV*330897513~DTM*405*20130914~N1*PR*AETNA~N3*151 FARMINGTON AVENUE~N4*HARTFORD*CT*06156~PER*BL*PROVIDER SERVICE~N1*PE*CENTER FOR PSYCHOLOGICAL SERVIC*XX*1457686560~N3*491 AMWELL RD STE 103~N4*HILLSBOROUGH*NJ*088448212~REF*PQ*149850620~REF*TJ*263895688~LX*1~TS3*1568514024*11*20131231*2*625~CLP*0000001*1*325*50*80*HM*1309030856250000*11~NM1*QC*1*ERICKSON*AMANDA~NM1*IL*1*ERICKSON*AMANDA****MI*BBNCR7ND~NM1*74*1**MARY ANN~NM1*82*2*CENTER FOR PSYCHOLOGICAL SERVIC*****XX*1568514024~REF*1L*352492-004~DTM*050*20130903~DTM*232*20130814~DTM*233*20130821~PER*CX**TE*8006240756~AMT*AU*325~SVC*HC:90791*175*30**1~DTM*472*20130814~CAS*CO*45*105~CAS*PR*3*40~REF*6R*00000000001~AMT*B6*70~LQ*HE*N59~SVC*HC:90834*150*20**1~DTM*472*20130821~CAS*CO*45*90~CAS*PR*3*40~REF*6R*00000000002~AMT*B6*60~LQ*HE*N59~CLP*0000001*1*300*100*20*HM*1309030856260000*11~NM1*QC*1*PETREN*BARBARA~NM1*IL*1*PETREN*BARBARA****MI*BBP739VA~NM1*82*2*CENTER FOR PSYCHOLOGICAL SERVIC*****XX*1568514024~REF*1L*01404E-195~REF*CE*NJ EMPLOYEE PLAN NET 01961~DTM*050*20130903~DTM*232*20130805~DTM*233*20130812~PER*CX**TE*8006240756~AMT*AU*300~SVC*HC:90834*150*50**1~DTM*472*20130805~CAS*CO*45*90~CAS*PR*3*10~REF*6R*00000000001~AMT*B6*60~LQ*HE*N59~SVC*HC:90834*150*50**1~DTM*472*20130812~CAS*CO*45*90~CAS*PR*3*10~REF*6R*00000000002~AMT*B6*60~LQ*HE*N59~SE*67*0001~ST*835*0002~BPR*I*73*C*ACH*CCP*01*031100209*DA*0038865237*1066033492**01*031201360*DA*7869322623*20130918~TRN*1*160913130023426*1066033492~REF*EV*330897513~DTM*405*20130914~N1*PR*AETNA~N3*151 FARMINGTON AVENUE~N4*HARTFORD*CT*06156~PER*BL*PROVIDER SERVICE~N1*PE*CENTER FOR PSYCHOLOGICAL SERVIC*XX*1457686560~N3*491 AMWELL RD STE 103~N4*HILLSBOROUGH*NJ*088448212~REF*PQ*149850620~REF*TJ*263895688~LX*1~TS3*1255372603*11*20131231*1*175~CLP*0000001*1*175*73**HM*1309030651910000*11~NM1*QC*1*LONIEWSKI*RICHARD~NM1*IL*1*LONIEWSKI*DENISE****MI*BBTS8Q8A~NM1*74*1***M***C*BBTS8Q8B~NM1*82*2*CENTER FOR PSYCHOLOGICAL SERVIC*****XX*1255372603~REF*1L*444702-001~DTM*050*20130903~DTM*232*20130821~DTM*233*20130821~PER*CX**TE*8006240756~AMT*AU*175~SVC*HC:90834*175*73**1~DTM*472*20130821~CAS*CO*45*102~REF*6R*00000000001~AMT*B6*73~LQ*HE*N59~SE*34*0002~ST*835*0003~BPR*I*50*C*ACH*CCP*01*031100209*DA*0038865237*1066033492**01*031201360*DA*7869322623*20130918~TRN*1*160913130023427*1066033492~REF*EV*330897513~DTM*405*20130914~N1*PR*AETNA~N3*151 FARMINGTON AVENUE~N4*HARTFORD*CT*06156~PER*BL*PROVIDER SERVICE~N1*PE*CENTER FOR PSYCHOLOGICAL SERVIC*XX*1457686560~N3*491 AMWELL RD STE 103~N4*HILLSBOROUGH*NJ*088448212~REF*PQ*149850620~REF*TJ*263895688~LX*1~TS3*1497833776*11*20131231*1*150~CLP*0000001*1*150*50*10*HM*1309030856170000*11~NM1*QC*1*CEBO*KRISTEN~NM1*IL*1*CEBO*KRISTEN****MI*BBRRPH8A~NM1*82*2*CENTER FOR PSYCHOLOGICAL SERVIC*****XX*1497833776~REF*1L*01404E-208~REF*CE*NJ EMPLOYEE PLAN NET 01961~DTM*050*20130903~DTM*232*20130823~DTM*233*20130823~PER*CX**TE*8006240756~AMT*AU*150~SVC*HC:90834*150*50**1~DTM*472*20130823~CAS*CO*45*90~CAS*PR*3*10~REF*6R*00000000001~AMT*B6*60~LQ*HE*N59~SE*35*0003~ST*835*0004~BPR*I*50*C*ACH*CCP*01*031100209*DA*0038865237*1066033492**01*031201360*DA*7869322623*20130918~TRN*1*160913130023429*1066033492~REF*EV*330897513~DTM*405*20130914~N1*PR*AETNA~N3*151 FARMINGTON AVENUE~N4*HARTFORD*CT*06156~PER*BL*PROVIDER SERVICE~N1*PE*CENTER FOR PSYCHOLOGICAL SERVIC*XX*1457686560~N3*491 AMWELL RD STE 103~N4*HILLSBOROUGH*NJ*088448212~REF*PQ*149850620~REF*TJ*263895688~LX*1~TS3*1275694077*11*20131231*1*175~CLP*0000001*1*175*50*10*HM*1309030651960000*11~NM1*QC*1*MARTZ*MARILYN~NM1*IL*1*MARTZ*MARILYN****MI*BBJ2MX0A~NM1*82*2*CENTER FOR PSYCHOLOGICAL SERVIC*****XX*1275694077~REF*1L*01404E-195~REF*CE*NJ EMPLOYEE PLAN NET 01961~DTM*050*20130903~DTM*232*20130822~DTM*233*20130822~PER*CX**TE*8006240756~AMT*AU*175~SVC*HC:90834*175*50**1~DTM*472*20130822~CAS*CO*45*115~CAS*PR*3*10~REF*6R*00000000001~AMT*B6*60~LQ*HE*N59~SE*35*0004~GE*4*153724297~IEA*1*153724297~
