ISA*00*          *00*          *ZZ*330897513      *ZZ*ASSOCIATEDBC   *130916*1228*U*00401*153772985*0*P*:~GS*HP*330897513*ASSOCIATEDBC*20130916*1228*153772985*X*004010X091A1~ST*835*0001~BPR*I*137*C*ACH*CCP*01*031100225*DA*2079950064280/*1220999690**01*021202337*DA*822183885*20130912~TRN*1*0004218634*1220999690*8352013091303451957~REF*EV*1588960942~DTM*405*20130912~N1*PR*HORIZON BCBSNJ~N3*PAYOR ADDRESS 1~N4*NEWARK*NJ*071010420~REF*2U*22099~N1*PE*LEGACY CONSULTING LLC*XX*1588960942~N3*18 WALLACE ST~N4*RED BANK*NJ*077011857~REF*PQ*2712946760~REF*TJ*271294676~LX*1~CLP*YLK82373934*1*250*88*50*12*780261325041554   00**1~NM1*QC*1*LYLES*MALIA****MI*YLK82373934~NM1*82*2*LEGACY CONSULTING LLC*****XX*1588960942~DTM*050*20130906~DTM*232*20130822~DTM*233*20130829~AMT*AU*138~AMT*T2*88~SVC*HC:99199*125*44**1*HC:90834~DTM*472*20130822~CAS*PR*3*25~CAS*CO*45*56~REF*6R*000001~REF*HPI*1588960942~AMT*B6*69~SVC*HC:99199*125*44**1*HC:90834~DTM*472*20130829~CAS*PR*3*25~CAS*CO*45*56~REF*6R*000002~REF*HPI*1588960942~AMT*B6*69~CLP*MBK86680877*1*125*49*20*12*780261325041000   00**1~NM1*QC*1*VALLETTA*MARGARET****MI*MBK86680877~NM1*82*2*LEGACY CONSULTING LLC*****XX*1588960942~DTM*050*20130906~DTM*232*20130824~DTM*233*20130824~AMT*AU*69~AMT*T2*49~SVC*HC:99199*125*49**1*HC:90834~DTM*472*20130824~CAS*PR*3*20~CAS*CO*45*56~REF*6R*000001~REF*HPI*1588960942~AMT*B6*69~SE*53*0001~ST*835*0002~BPR*I*72*C*ACH*CCP*01*031100225*DA*2079950064280/*1220999690**01*021202337*DA*822183885*20130913~TRN*1*0004226036*1220999690*8352013091403432012~REF*EV*1588960942~DTM*405*20130913~N1*PR*HORIZON BCBSNJ~N3*PAYOR ADDRESS 1~N4*NEWARK*NJ*071010420~REF*2U*22099~N1*PE*LEGACY CONSULTING LLC*XX*1588960942~N3*18 WALLACE ST~N4*RED BANK*NJ*077011857~REF*PQ*2712946760~REF*TJ*271294676~LX*1~CLP*YLK81185537*1*625*0*625*12*780261316681864   02**1~NM1*QC*1*MEYERSON*MICHAEL****MI*YLK81185537~NM1*82*2*LEGACY CONSULTING LLC*****XX*1588960942~DTM*050*20130911~DTM*232*20121101~DTM*233*20121211~SVC*HC:90806*125*0**1~DTM*472*20121101~CAS*PR*204*125~REF*6R*000001~REF*HPI*1588960942~SVC*HC:90806*125*0**1~DTM*472*20121114~CAS*PR*204*125~REF*6R*000002~REF*HPI*1588960942~SVC*HC:90806*125*0**1~DTM*472*20121121~CAS*PR*204*125~REF*6R*000003~REF*HPI*1588960942~SVC*HC:90806*125*0**1~DTM*472*20121127~CAS*PR*204*125~REF*6R*000004~REF*HPI*1588960942~SVC*HC:90806*125*0**1~DTM*472*20121211~CAS*PR*204*125~REF*6R*000005~REF*HPI*1588960942~CLP*YLK81185537*22*-125*0**12*780271321883980   01**1~CAS*CR*96*125~CAS*CR*96*-125~NM1*QC*1*MEYERSON*MICHAEL****MI*YLK81185537~NM1*82*2*LEGACY CONSULTING LLC*****XX*1588960942~MOA***MA69~DTM*050*20130911~DTM*232*20121022~DTM*233*20121022~SVC*HC:90806*-125*0**1~DTM*472*20121022~CAS*CR*204*-125~REF*6R*000001~REF*HPI*1588960942~CLP*YLK81185537*1*125*34*35*12*780271321883980   02**1~NM1*QC*1*MEYERSON*MICHAEL****MI*YLK81185537~NM1*82*2*LEGACY CONSULTING LLC*****XX*1588960942~DTM*050*20130911~DTM*232*20121022~DTM*233*20121022~AMT*AU*69~AMT*T2*34~SVC*HC:90806*125*34**1~DTM*472*20121022~CAS*PR*3*35~CAS*CO*45*56~REF*6R*000001~REF*HPI*1588960942~AMT*B6*69~CLP*YXB01475039*1*250*38*100*12*780261325041553   00**1~NM1*QC*1*WELLS*BARBARA****MI*YXB01475039~NM1*IL*1*WELLS*MICHAEL****MI*YXB01475039~NM1*82*2*LEGACY CONSULTING LLC*****XX*1588960942~DTM*050*20130906~DTM*232*20130820~DTM*233*20130827~AMT*AU*138~AMT*T2*38~SVC*HC:99199*125*19**1*HC:90834~DTM*472*20130820~CAS*PR*3*50~CAS*CO*45*56~REF*6R*000001~REF*HPI*1588960942~AMT*B6*69~SVC*HC:99199*125*19**1*HC:90834~DTM*472*20130827~CAS*PR*3*50~CAS*CO*45*56~REF*6R*000002~REF*HPI*1588960942~AMT*B6*69~SE*99*0002~ST*835*0003~BPR*I*75*C*CHK************20130913~TRN*1*0062182573*1220999690*8352013091404094148~REF*EV*1467635987~DTM*405*20130913~N1*PR*HORIZON BCBSNJ~N3*PAYOR ADDRESS 1~N4*NEWARK*NJ*071010420~REF*2U*22099~N1*PE*H K LOPES LPC*XX*1467635987~N3*77 N MAIN ST~N4*MILLTOWN*NJ*088501521~REF*PQ*4540820350~REF*TJ*454082035~LX*1~CLP*71500A130909*1*125*35*25*13*780261325471935   00**1~NM1*QC*1*PINO*AIXA****MI*3HZN437980900~NM1*74*1*PINO*AIXA*C***C*YHP3HZN43798090~NM1*82*2*H K LOPES LPC*****XX*1467635987~DTM*050*20130911~DTM*232*20130822~DTM*233*20130822~PER*CX*HORIZON BLUE CROSS BLUE SHIELD OF NEW JERSEY DIRECT ACCESS*TE*8006241110~AMT*AU*60~AMT*T2*35~SVC*HC:99199*125*35**1*HC:90834~DTM*472*20130822~CAS*PR*3*25~CAS*CO*45*65~REF*6R*0~REF*HPI*1467635987~AMT*B6*60~CLP*71700A130909*1*125*40*20*13*780271325429913   00**1~NM1*QC*1*REITER*AMANDA****MI*3HZN432568700~NM1*74*1*REITER*AMANDA*E***C*YHM3HZN43256870~NM1*82*2*H K LOPES LPC*****XX*1467635987~DTM*050*20130911~DTM*232*20130824~DTM*233*20130824~PER*CX*HORIZON BLUE CROSS BLUE SHIELD OF NEW JERSEY DIRECT ACCESS*TE*8006241110~AMT*AU*60~AMT*T2*40~SVC*HC:99199*125*40**1*HC:90834~DTM*472*20130824~CAS*PR*3*20~CAS*CO*45*65~REF*6R*0~REF*HPI*1467635987~AMT*B6*60~SE*50*0003~ST*835*0004~BPR*I*110*C*CHK************20130914~TRN*1*0062195608*1220999690*8352013091518223789~REF*EV*1467635987~DTM*405*20130914~N1*PR*HORIZON BCBSNJ~N3*PAYOR ADDRESS 1~N4*NEWARK*NJ*071010420~REF*2U*22099~N1*PE*H K LOPES LPC*XX*1467635987~N3*77 N MAIN ST~N4*MILLTOWN*NJ*088501521~REF*PQ*4540820350~REF*TJ*454082035~LX*1~CLP*74300A130910*1*125*35*25*13*780271325529054   00**1~NM1*QC*1*PINO*AIXA****MI*3HZN437980900~NM1*74*1*PINO*AIXA*C***C*YHP3HZN43798090~NM1*82*2*H K LOPES LPC*****XX*1467635987~DTM*050*20130912~DTM*232*20130826~DTM*233*20130826~PER*CX*HORIZON BLUE CROSS BLUE SHIELD OF NEW JERSEY DIRECT ACCESS*TE*8006241110~AMT*AU*60~AMT*T2*35~SVC*HC:99199*125*35**1*HC:90834~DTM*472*20130826~CAS*PR*3*25~CAS*CO*45*65~REF*6R*0~REF*HPI*1467635987~AMT*B6*60~CLP*74600A130910*1*125*35*25*13*780271325529055   00**1~NM1*QC*1*PINO*AIXA****MI*3HZN437980900~NM1*74*1*PINO*AIXA*C***C*YHP3HZN43798090~NM1*82*2*H K LOPES LPC*****XX*1467635987~DTM*050*20130912~DTM*232*20130829~DTM*233*20130829~PER*CX*HORIZON BLUE CROSS BLUE SHIELD OF NEW JERSEY DIRECT ACCESS*TE*8006241110~AMT*AU*60~AMT*T2*35~SVC*HC:99199*125*35**1*HC:90834~DTM*472*20130829~CAS*PR*3*25~CAS*CO*45*65~REF*6R*0~REF*HPI*1467635987~AMT*B6*60~CLP*74400A130910*1*125*40*20*13*780271325529063   00**1~NM1*QC*1*REITER*AMANDA****MI*3HZN432568700~NM1*74*1*REITER*AMANDA*E***C*YHM3HZN43256870~NM1*82*2*H K LOPES LPC*****XX*1467635987~DTM*050*20130912~DTM*232*20130827~DTM*233*20130827~PER*CX*HORIZON BLUE CROSS BLUE SHIELD OF NEW JERSEY DIRECT ACCESS*TE*8006241110~AMT*AU*60~AMT*T2*40~SVC*HC:99199*125*40**1*HC:90834~DTM*472*20130827~CAS*PR*3*20~CAS*CO*45*65~REF*6R*0~REF*HPI*1467635987~AMT*B6*60~SE*67*0004~ST*835*0005~BPR*I*105*C*CHK************20130914~TRN*1*0062194551*1220999690*8352013091518223805~REF*EV*1477603942~DTM*405*20130914~N1*PR*HORIZON BCBSNJ~N3*PAYOR ADDRESS 1~N4*NEWARK*NJ*071010420~REF*2U*22099~N1*PE*K G WAY PHD*XX*1477603942~N3*38 JUNIPER LN~N4*PISCATAWAY*NJ*088545632~REF*PQ*2645237360~REF*TJ*264523736~LX*1~CLP*3HZN33652130*1*150*105*45*12*780261325550430   00**1~NM1*QC*1*AHAMMAD*NAUREEN****MI*DUG3HZN33652130~NM1*IL*1*AHAMMAD*MOHAMMED*T***MI*3HZN336521300~NM1*82*2*K G WAY PHD*****XX*1477603942~DTM*050*20130906~DTM*232*20130808~DTM*233*20130808~PER*CX*NATIONAL ACCOUNTS SERVICED IN MT.LAUREL*TE*8006244758~AMT*AU*150~AMT*T2*105~SVC*HC:99199*150*105**1*HC:90834~DTM*472*20130808~CAS*PR*2*45~REF*6R*000001~REF*HPI*1477603942~AMT*B6*150~SE*32*0005~ST*835*0006~BPR*I*22.62*C*CHK************20130913~TRN*1*156997820*1220999690*22099~DTM*405*20130913~N1*PR*HORIZON BCBSNJ~N3*3 PENN PLAZA~N4*NEWARK*NJ*071010420~REF*2U*22099~PER*CX**TE*8883349242~N1*PE*M M WIESE WAIBEL LCSW*XX*1902991391~N3*800 RARITAN ROAD~N4*CLARK*NJ*070661710~REF*TJ*262135919~LX*1~CLP*140345760B*2*125*22.62**12*27132533920800780*11*1~NM1*QC*1*ANDROLOWICZ*ROSE*M***MI*R12245853~NM1*74*1**STANLEY*R~DTM*050*20130910~DTM*232*20130730~AMT*AU*63.79~SVC*HC:90834*125*22.62**1~DTM*472*20130730~CAS*OA*23*102.38~REF*6R*LX#01~AMT*B6*63.79~SE*26*0006~GE*6*153772985~IEA*1*153772985~
