ISA*00*          *00*          *ZZ*330897513      *ZZ*ASSOCIATEDBC   *130916*1927*^*00501*153850206*0*P*:~GS*HP*330897513*ASSOCIATEDBC*20130916*1927*153850206*X*005010X221A1~ST*835*0001~BPR*I*33*C*ACH*CCP*01*055003201*DA*2000026932448*1522135463**01*031201360*DA*7869322623*20130914~TRN*1*147485*1522135463*IBC2~REF*EV*330897513~REF*F2*CAPS STL~DTM*405*20130914~N1*PR*MAGELLAN BEHAVIORAL HEALTH OF NEW JERSEY, LLC.~N3*P.O. BOX 1958~N4*MARYLAND HEIGHTS*MO*63043~PER*CX**TE*8006881911~PER*BL*MAGELLAN EDI*TE*3143875890~N1*PE*CENTER FOR PSYCHOLOGICAL SERVI*XX*1457686560~N3*491 AMWELL RD BLDG 1*STE 103~N4*HILLSBOROUGH*NJ*088448212~REF*TJ*263895688~LX*1~CLP*NA*1*175*33*40*HM*114806614~NM1*QC*1*DEPAOLA*JILL****MI*152645749BG~NM1*IL*1*DEPAOLA*MICHAEL****MI*152645749BG~NM1*82*1*DEMARZO*LAURA****XX*1255372603~DTM*050*20130909~DTM*232*20130904~DTM*233*20130904~SVC*HC:90834*175*33**1~DTM*472*20130904~CAS*CO*45*102~CAS*PR*3*40~REF*HPI*1255372603~AMT*B6*73~SE*30*0001~GE*1*153850206~IEA*1*153850206~
