ISA*00*          *00*          *ZZ*330897513      *ZZ*ASSOCIATEDBC   *130917*0849*^*00501*153896552*0*P*:~GS*HP*330897513*ASSOCIATEDBC*20130917*0849*153896552*X*005010X221A1~ST*835*0001~BPR*I*60*C*CHK************20130913~TRN*1*0014207200*1411648670~REF*EV*870426777~DTM*405*20130913~N1*PR*CIGNA BEHAVIORAL HEALTH~N3*PO BOX 46270~N4*EDEN PRAIRIE*MN*55344~PER*BL*HP*EM*CLAIMS.INTAKE.APP.SUPPORT@HP.COM~PER*IC**UR*WWW.CIGNAFORHCP.COM~PER*CX*CUSTOMER SERVICE*TE*8009262273~N1*PE*DEBRA CHATMAN- FINLEY LPC LLC*XX*1346469632~N3*134 W END AVE 2ND FL~N4*SOMERVILLE*NJ*08876~REF*TJ*264224733~LX*1~CLP*62000A130903*1*150*60*10*13*13246Z4442*11*1~NM1*QC*1*SMITH*TIFFANY****MI*U1370305401~NM1*82*1*CHATMAN-FINLEY*DEBRA*D***FI*138465585~REF*1L*3178132~REF*CE*NETWORK POS DPP1 W/TELEPHONIC~DTM*050*20130904~DTM*232*20130828~DTM*233*20130828~PER*CX*CUSTOMER SERVICE*TE*8009262273~AMT*AU*70~SVC*HC:90834*150*60**1~CAS*CO*45*80~CAS*PR*3*10~REF*6R*0~REF*0K*3178132~AMT*B6*70~SE*33*0001~GE*1*153896552~IEA*1*153896552~
