ISA*00*          *00*          *ZZ*330897513      *ZZ*ASSOCIATEDBC   *130917*0631*U*00401*153886813*0*P*:~GS*HP*330897513*ASSOCIATEDBC*20130917*0631*153886813*X*004010X091A1~ST*835*0001~BPR*H*0*C*NON************20130917~TRN*1*030916Z005918*1942649097*000087726~DTM*405*20130917~N1*PR*UNITED HEALTHCARE INSURANCE COMPANY*XV*87726~N3*P.O. BOX 1459-ROUTE MN010-S155~N4*MINNEAPOLIS*MN*554401459~REF*2U*87726~PER*CX*UNITED HEALTHCARE SERVICES, IN*TE*8778423210~N1*PE*CYNTHIA MARY BRATMAN, PSY*XX*1184788275~N3*20 NASSAU ST STE 209~N4*PRINCETON*NJ*085424509~REF*TJ*200286572~LX*1~CLP*0*1*1050*0*1050*16*NYC8019968700~NM1*QC*1*LICHTENSTEIN*KAREN****MI*96659747200~NM1*74*1******C*966597472~REF*1L*40550~REF*CE*AARP MEDICARECOMPLETE PLAN 1~DTM*050*20130906~DTM*232*20130502~DTM*233*20130618~SVC*HC:90834*175*0**1~DTM*472*20130502~CAS*PR*15*175~AMT*B6*175~SVC*HC:90834*175*0**1~DTM*472*20130509~CAS*PR*15*175~AMT*B6*175~SVC*HC:90834*175*0**1~DTM*472*20130521~CAS*PR*15*175~AMT*B6*175~SVC*HC:90834*175*0**1~DTM*472*20130528~CAS*PR*15*175~AMT*B6*175~SVC*HC:90834*175*0**1~DTM*472*20130605~CAS*PR*15*175~AMT*B6*175~SVC*HC:90834*175*0**1~DTM*472*20130618~CAS*PR*15*175~AMT*B6*175~SE*47*0001~GE*1*153886813~IEA*1*153886813~
