ISA*00*          *00*          *ZZ*330897513      *ZZ*ASSOCIATEDBC   *130917*1436*U*00401*153944702*0*P*:~GS*HP*330897513*ASSOCIATEDBC*20130917*1436*153944702*X*004010X091A1~ST*835*0001~BPR*I*35*C*CHK************20130916~TRN*1*0000016846*1391995276*CB3591601026167~DTM*405*20130916~N1*PR*UMR~N3*115 W WAUSAU AVE~N4*WAUSAU*WI*54402~REF*2U*39026~N1*PE*NANCY SAXTONLOPEZ*XX*1053490193~REF*TJ*096386775~LX*1~CLP*745787232*1*125*35*25*12*13249374665~NM1*QC*1*ALEXANDER*REBECCA~NM1*IL*1*ALEXANDER*HOWARD****MI*Y14439413~NM1*82*1*SAXTONLOPEZ*NANCY****SL*NOT ON CLAIM~REF*1L*76411348~SVC*HC:90834*125*35~DTM*472*20130814~CAS*CO*45*65~CAS*PR*3*25~REF*6R*729745787232~AMT*B6*60~SE*23*0001~GE*1*153944702~IEA*1*153944702~
