ISA*00*          *00*          *ZZ*330897513      *ZZ*ASSOCIATEDBC   *130917*1436*^*00501*153944701*0*P*:~GS*HP*330897513*ASSOCIATEDBC*20130917*1436*153944701*X*005010X221A1~ST*835*0001~BPR*H*0*C*NON************20130918~TRN*1*012704902*1216000928~REF*EV*9904204~DTM*405*20130913~N1*PR*NEW JERSEY MEDICAID~N3*3705 QUAKERBRIDGE ROAD, SUITE 101~N4*TRENTON*NJ*086191288~PER*CX*NEW JERSEY MEDICAID PROVIDER SERVICES*TE*8007766334~PER*BL*NEW JERSEY EDI UNIT*TE*6095886051*EM*NJMMISEDI@MOLINAHEALTHCARE.COM*FX*6095848268~PER*IC**UR*WWW.NJMMIS.COM~N1*PE*WAY          KAREN      GPHD*XX*1477603942~REF*PQ*0225177~REF*TJ*008388097~LX*1~CLP*135742336 A*2*150*0**MC*201325622844401-0670*11*1~NM1*QC*1*HAMMOND*NORMAN****MR*122081285101~REF*EA*0813224230160~DTM*232*20130716~DTM*233*20130716~SVC*HC:90834*150*0**1**0~DTM*472*20130716~CAS*CO*45*150~REF*6R*LX#01~LQ*HE*M86~CLP*135405190 A*2*150*0**MC*201325621644001-0670*11*1~NM1*QC*1*ZABOROWSKI*RAYMOND*T***MR*122077125801~REF*EA*0813224230190~DTM*232*20130717~DTM*233*20130717~SVC*HC:90834*150*0**1**0~DTM*472*20130717~CAS*CO*45*150~REF*6R*LX#01~LQ*HE*M86~CLP*124704137A*4*150*0**MC*201325621202901-06700970*11*1~NM1*QC*1*KIM*SUN*C***MR*122001580001~NM1*PR*2*UNITED HEALTHCARE*****PI*AN5~NM1*GB*1*KIM*SUN~REF*EA*0813224230170~DTM*232*20130717~DTM*233*20130717~SVC*HC:90834*150*0~DTM*472*20130717~CAS*OA*16*150~REF*6R*LX#01~LQ*HE*M86~LQ*HE*MA92~CLP*026662235A*2*150*0**MC*201325621643901-0670*11*1~NM1*QC*1*GRIMALDI*JENNIFER*J***MR*212080697401~REF*EA*0813224230150~DTM*232*20130718~DTM*233*20130718~SVC*HC:90834*150*0**1**0~DTM*472*20130718~CAS*CO*45*150~REF*6R*LX#01~LQ*HE*M86~CLP*124704137A*4*150*0**MC*201325621202902-06700970*11*1~NM1*QC*1*KIM*SUN*C***MR*122001580001~NM1*PR*2*UNITED HEALTHCARE*****PI*AN5~NM1*GB*1*KIM*SUN~REF*EA*0813224230170~DTM*232*20130729~DTM*233*20130729~SVC*HC:90834*150*0~DTM*472*20130729~CAS*OA*16*150~REF*6R*LX#02~LQ*HE*M86~LQ*HE*MA92~CLP*026662235A*2*150*0**MC*201325621643902-0670*11*1~NM1*QC*1*GRIMALDI*JENNIFER*J***MR*212080697401~REF*EA*0813224230150~DTM*232*20130729~DTM*233*20130729~SVC*HC:90834*150*0**1**0~DTM*472*20130729~CAS*CO*45*150~REF*6R*LX#02~LQ*HE*M86~CLP*135405190 A*2*150*0**MC*201325621644002-0670*11*1~NM1*QC*1*ZABOROWSKI*RAYMOND*T***MR*122077125801~REF*EA*0813224230190~DTM*232*20130731~DTM*233*20130731~SVC*HC:90834*150*0**1**0~DTM*472*20130731~CAS*CO*45*150~REF*6R*LX#02~LQ*HE*M86~CLP*37900A130820*2*150*0**MC*201325221442801-13320670*11*1~NM1*QC*1*ZABOROWSKI*RAYMOND*T***MR*122077125801~REF*EA*0913233255130~DTM*232*20130812~DTM*233*20130812~SVC*HC:90834*150*0**1**0~DTM*472*20130812~CAS*CO*45*150~REF*6R*0~LQ*HE*M57~LQ*HE*M86~CLP*38000A130820*4*150*0**MC*201325221013801-06700970*11*1~NM1*QC*1*KIM*SUN*C***MR*122001580001~NM1*PR*2*UNITED HEALTHCARE*****PI*AN5~NM1*GB*1*KIM*SUN~REF*EA*0913233255140~DTM*232*20130812~DTM*233*20130812~SVC*HC:90834*150*0~DTM*472*20130812~CAS*OA*16*150~REF*6R*0~LQ*HE*M86~LQ*HE*MA92~CLP*38800A130820*2*150*0**MC*201325221013901-03060670*11*1~NM1*QC*1*FRAMPTON*STEPHEN****MR*152030463701~REF*EA*0913233255180~DTM*232*20130814~DTM*233*20130814~SVC*HC:90834*150*0**1**0~DTM*472*20130814~CAS*CO*45*150~REF*6R*0~LQ*HE*MA80~LQ*HE*M86~CLP*43200A130823*2*150*0**MC*201325423388901-0670*11*1~NM1*QC*1*ZABOROWSKI*RAYMOND*T***MR*122077125801~REF*EA*0913238366570~DTM*232*20130819~DTM*233*20130819~SVC*HC:90834*150*0**1**0~DTM*472*20130819~CAS*CO*45*150~REF*6R*0~LQ*HE*M86~CLP*43100A130823*2*150*0**MC*201325423388801-13320670*11*1~NM1*QC*1*GRIMALDI*JENNIFER*J***MR*212080697401~REF*EA*0913238366560~DTM*232*20130819~DTM*233*20130819~SVC*HC:90834*150*0**1**0~DTM*472*20130819~CAS*CO*45*150~REF*6R*0~LQ*HE*M57~LQ*HE*M86~CLP*43400A130823*2*150*0**MC*201325424275701-0670*11*1~NM1*QC*1*HAMMOND*NORMAN****MR*122081285101~REF*EA*0913238366590~DTM*232*20130820~DTM*233*20130820~SVC*HC:90834*150*0**1**0~DTM*472*20130820~CAS*CO*45*150~REF*6R*0~LQ*HE*M86~SE*158*0001~GE*1*153944701~IEA*1*153944701~
