ISA*00*          *00*          *ZZ*330897513      *ZZ*ASSOCIATEDBC   *130918*0716*U*00401*154038681*0*P*:~GS*HP*330897513*ASSOCIATEDBC*20130918*0716*154038681*X*004010X091A1~ST*835*0001~BPR*I*83.25*C*CHK************20130917~TRN*1*LX25076380*1411289245*000087726~DTM*405*20130917~N1*PR*UNITED HEALTHCARE INSURANCE COMPANY*XV*87726~N3*ALCATEL LUCENT POS SERVICE CTR*P.O. BOX 740802~N4*ATLANTA*GA*303740802~REF*2U*87726~PER*CX*ALCATEL LUCENT POS SERVICE CTR*TE*8005778539~N1*PE*DONNA L MELNICK*XX*1326112780~N3*405 OMNI DR~N4*HILLSBOROUGH*NJ*088440000~REF*TJ*204745931~LX*1~TS3*1326112780*11*20131231*1*150~CLP*920836279*1*150*83.25**13*4271555812 0127232162*11~NM1*QC*1*MC HUGH*ARLENE~NM1*IL*1*MCHUGH*ARLENE****MI*920836279~REF*1L*517000~REF*CE*CHOYC+~DTM*050*20130916~DTM*232*20130821~AMT*AU*150~SVC*HC:90834*150*83.25**1~DTM*472*20130821~CAS*CO*45*66.75~REF*6R*001~AMT*B6*83.25~SE*29*0001~ST*835*0002~BPR*I*41*C*CHK************20130917~TRN*1*101500*1942649097*000087726~DTM*405*20130917~N1*PR*UNITED HEALTHCARE INSURANCE COMPANY*XV*87726~N3*P.O. BOX 30602~N4*SALT LAKE CITY*UT*84130~REF*2U*87726~REF*EO*1805600001~N1*PE*JAMES P. GULLA*XX*1922200658~N3*13 HOLLOW OAK DR~N4*SANDOWN*NH*038732113~REF*TJ*028425801~LX*1~CLP*749525964*1*125*41*20*15*13X345708600*11~NM1*QC*1*GIORDANO*OLGA****MI*HP1503504~REF*1L*HI020285~REF*BB*UBH~REF*CE*FS 307 NH MSW~REF*SY*010862053~DTM*050*20130913~AMT*AU*61~SVC*HC:90834*125*41**1~DTM*472*20130904~CAS*PR*3*20~CAS*CO*45*64~REF*6R*498749525964~AMT*B6*61~SE*29*0002~ST*835*0003~BPR*I*45*C*CHK************20130917~TRN*1*PG08130314*1411289245*000087726~DTM*405*20130917~N1*PR*UNITED HEALTHCARE INSURANCE COMPANY*XV*87726~N3*GREENSBORO SERVICE CENTER*P.O. BOX 740800~N4*ATLANTA*GA*303740800~REF*2U*87726~PER*CX*GREENSBORO SERVICE CENTER*TE*8778423210~N1*PE*GREGORY CONSULTATION CENTER*XX*1740362268~N3*10 VISTA TER~N4*LIVINGSTON*NJ*070390000~REF*TJ*222690143~LX*1~TS3*1740362268*11*20131231*1*125~CLP*748053213*1*125*45*15*13*4264718018 0008320918*11~NM1*QC*1*MERANUS*BARBARA~NM1*IL*1*MERANUS*BARBARA****MI*818260015~NM1*74*1*MERANUS*BARBARA*R~REF*1L*708742~REF*CE*CHOYC+~DTM*050*20130910~DTM*232*20130829~AMT*AU*125~SVC*HC:90834*125*45**1~DTM*472*20130829~CAS*CO*45*65~CAS*PR*3*15~REF*6R*702748053213~AMT*B6*60~SE*31*0003~ST*835*0004~BPR*I*54*C*CHK************20130917~TRN*1*PH41291584*1411289245*000087726~DTM*405*20130917~N1*PR*UNITED HEALTHCARE INSURANCE COMPANY*XV*87726~N3*SPRINGFIELD SERVICE CENTER*P.O. BOX 740800~N4*ATLANTA*GA*303740800~REF*2U*87726~PER*CX*SPRINGFIELD SERVICE CENTER*TE*8778423210~N1*PE*GREGORY CONSULTATION CENTER*XX*1740362268~N3*10 VISTA TER~N4*LIVINGSTON*NJ*070390000~REF*TJ*222690143~LX*1~TS3*1740362268*11*20131231*1*125~CLP*748053205*1*125*54*6*13*4264718019 0050925761*11~NM1*QC*1*EISENSTEIN*ALAN~NM1*IL*1*EISENSTEIN*ALAN****MI*917029252~NM1*74*1*EISENSTEIN*ALAN*A~REF*1L*704203~REF*CE*CHOYC+~DTM*050*20130910~DTM*232*20130826~AMT*AU*125~SVC*HC:90834*125*54**1~DTM*472*20130826~CAS*CO*45*65~CAS*PR*2*6~REF*6R*685748053205~AMT*B6*60~SE*31*0004~GE*4*154038681~IEA*1*154038681~
