ISA*00*          *00*          *ZZ*330897513      *ZZ*ASSOCIATEDBC   *130918*0135*^*00501*154021993*0*P*:~GS*HP*330897513*ASSOCIATEDBC*20130918*0135*154021993*X*005010X221A1~ST*835*0001~BPR*H*0*C*NON************20130913~TRN*1*F389569566*1680000001~DTM*405*20130913~N1*PR*ANTHEM BLUE CROSS AND BLUE SHIELDME~N3*2 GANNETT DRIVE~N4*SOUTH PORTLAND*ME*041060000~REF*2U*680~PER*BL*ANTHEM BLUE CROSS AND BLUE SHIELD*TE*8003348262~N1*PE*K  KINNEY*XX*1063567766~N3*191 VALLEY RD~N4*RAYMOND*ME*040710000~REF*TJ*141784965~LX*1~CLP*999999999*1*100*0*100*15*26132470285400680*11*1~NM1*QC*1*FROST*TAMARA****MI*680NDUNDU149A76573~NM1*IL*1*FROST*DARIN****MI*680NDUNDU149A76573~NM1*74*1******C*NDU149A76573~DTM*050*20130904~DTM*232*20130305~PER*CX*EDI HELPDESK*TE*8003348262~SVC*HC:90847*100*0**1~DTM*472*20130305~CAS*PR*18*100~REF*6R*000001~SE*26*0001~ST*835*0002~BPR*I*109*C*CHK************20130913~TRN*1*2009980583*1061475928~REF*EV*AE02079C~DTM*405*20130913~N1*PR*ANTHEM BCBS OF CT~N3*370 BASSETT ROAD~N4*NORTH HAVEN*CT*064734201~PER*CX*EDI HELP DESK*TE*8003348262~PER*BL*EDI SOLUTIONS*TE*8003348262*EM*EDIHELPDESK-NE@WELLPOINT.COM~N1*PE*BEAZLEY JONATHAN C*XX*1619185469~N3*106 DOWD ST~N4*NEWINGTON*CT*061110000~REF*TJ*454403457~LX*1~CLP*70000A130904*1*50*20*20*12*P338802200*11*1~NM1*QC*1*MARSAN*TREVOR J****MI*MTN 982427763~NM1*IL*1*MARSAN*TREVOR****MI*MTN 982427763~NM1*74*1*MARSAN*TREVOR J****C*MTN982427763~NM1*82*1*BEAZLEY*JONATHAN****BS*300000504CT02~DTM*050*20130905~DTM*232*20130827~DTM*233*20130827~SVC*HC:90853*50*20~DTM*472*20130827~CAS*PR*3*20~CAS*CO*45*10~REF*6R*0~AMT*B6*40~LX*2~CLP*70300A130904*1*100*64*10*12*P338820100*11*1~NM1*QC*1*NYE*BRANDON****MI*XGN0313M50244~NM1*IL*1*NYE*TAMMY****MI*XGN0313M50244~NM1*82*1*BEAZLEY*JONATHAN****BS*300000504CT02~DTM*050*20130905~DTM*232*20130822~DTM*233*20130822~SVC*HC:90834*100*64~DTM*472*20130822~CAS*PR*3*10~CAS*CO*45*26~REF*6R*0~AMT*B6*74~LX*3~CLP*70700A130904*1*50*0*40*12*P338802300*11*1~NM1*QC*1*ST ONGE*WILLIAM****MI*XGN0779M49592~NM1*74*1*ST ONGE*WILLIAM*W~NM1*82*1*BEAZLEY*JONATHAN****BS*300000504CT02~DTM*050*20130905~DTM*232*20130826~DTM*233*20130826~SVC*HC:90853*50*0~DTM*472*20130826~CAS*PR*3*40~CAS*CO*45*10~REF*6R*0~AMT*B6*40~LX*4~CLP*69400A130904*1*50*25*15*12*P338820000*11*1~NM1*QC*1*CLARK*SHANNON****MI*XGC000T420905~NM1*IL*1*CLARK*JAMES****MI*XGC000T420905~NM1*82*1*BEAZLEY*JONATHAN****BS*300000504CT02~DTM*050*20130905~DTM*232*20130827~DTM*233*20130827~SVC*HC:90853*50*25~DTM*472*20130827~CAS*PR*3*15~CAS*CO*45*10~REF*6R*0~AMT*B6*40~SE*72*0002~ST*835*0003~BPR*I*113*C*CHK************20130913~TRN*1*2009980651*1061475928~REF*EV*AE02079C~DTM*405*20130913~N1*PR*ANTHEM BCBS OF CT~N3*370 BASSETT ROAD~N4*NORTH HAVEN*CT*064734201~PER*CX*EDI HELP DESK*TE*8003348262~PER*BL*EDI SOLUTIONS*TE*8003348262*EM*EDIHELPDESK-NE@WELLPOINT.COM~N1*PE*BEAZLEY JONATHAN C*XX*1619185469~N3*103 MANSFIELD HOLLOW RD~N4*MANSFIELD CENTER*CT*062500000~REF*TJ*454403457~LX*1~CLP*70500A130904*1*100*54*25*12*P338820200*11*1~NM1*QC*1*OLEARY*DYLAN****MI*MTN 981661438~NM1*IL*1*OLEARY*PATRICK****MI*MTN 981661438~NM1*74*1******C*MTN981661438~NM1*82*1*BEAZLEY*JONATHAN****BS*410000631CT03~DTM*050*20130905~DTM*232*20130822~DTM*233*20130822~SVC*HC:90846*100*54~DTM*472*20130822~CAS*PR*3*25~CAS*CO*45*21~REF*6R*0~AMT*B6*79~LX*2~CLP*33800A130820*1*100*59*15*12*P316622000*11*1~NM1*QC*1*SMITH*AIDAN****MI*XGS0149M50399~NM1*IL*1*OLSON*SHERRI****MI*XGS0149M50399~NM1*82*1*BEAZLEY*JONATHAN****BS*410000631CT03~DTM*050*20130828~DTM*232*20130725~DTM*233*20130725~SVC*HC:90834*100*59~DTM*472*20130725~CAS*PR*3*15~CAS*CO*45*26~REF*6R*05433800A130820~AMT*B6*74~SE*44*0003~ST*835*0004~BPR*I*174.48*C*ACH*CCP*01*061000052*DA*3299115453*1311705652**01*011200608*DA*191410030420*20130913~TRN*1*CC15134423*1311705652~REF*EV*AE02079C~DTM*405*20130913~N1*PR*ANTHEM BCBS OF MAINE~N3*2 GANNETT DRIVE~N4*SOUTH PORTLAND*ME*041066909~PER*CX*EDI HELP DESK*TE*8003348262~PER*BL*EDI SOLUTIONS*TE*8003348262*EM*EDIHELPDESK-NE@WELLPOINT.COM~N1*PE*KINNEY KARIN R*XX*1063567766~N3*191 VALLEY RD~N4*RAYMOND*ME*040710000~REF*TJ*141784965~LX*1~CLP*67700A130904*1*90*58.16*15*12*P351138600*11*1~NM1*QC*1*COBB*ABIGAIL****MI*XVH0042M49260~NM1*IL*1*COBB*SHEILA****MI*XVH0042M49260~NM1*74*1*COBB*STEVEN~NM1*82*1*RAPEL-KINNEY LCPC*KARIN****BS*24Z099397ME01~DTM*050*20130910~DTM*232*20130827~DTM*233*20130827~SVC*HC:90834*90*58.16~DTM*472*20130827~CAS*PR*3*15~CAS*CO*45*16.84~REF*6R*43567700A130904~AMT*B6*73.16~LX*2~CLP*66800A130904*1*125*58.16*15*12*P351138400*11*1~NM1*QC*1*TRAFFORD*MIKAYLA****MI*XVH0488M49251~NM1*IL*1*TRAFFORD*DAVID****MI*XVH0488M49251~NM1*82*1*RAPEL-KINNEY LCPC*KARIN****BS*24Z099397ME01~DTM*050*20130910~DTM*232*20130826~DTM*233*20130826~SVC*HC:90834*125*58.16~DTM*472*20130826~CAS*PR*3*15~CAS*CO*45*51.84~REF*6R*0~AMT*B6*73.16~LX*3~CLP*68100A130904*1*90*58.16*15*12*P351138500*11*1~NM1*QC*1*TRAFFORD*MIKAYLA****MI*XVH0488M49251~NM1*IL*1*TRAFFORD*DAVID****MI*XVH0488M49251~NM1*82*1*RAPEL-KINNEY LCPC*KARIN****BS*24Z099397ME01~DTM*050*20130910~DTM*232*20130903~DTM*233*20130903~SVC*HC:90834*90*58.16~DTM*472*20130903~CAS*PR*3*15~CAS*CO*45*16.84~REF*6R*0~AMT*B6*73.16~SE*58*0004~GE*4*154021993~IEA*1*154021993~
