ISA*00*          *00*          *ZZ*330897513      *ZZ*ASSOCIATEDBC   *130919*1015*U*00401*154281853*0*P*:~GS*HP*330897513*ASSOCIATEDBC*20130919*1015*154281853*X*004010X091A1~ST*835*0001~BPR*I*200.1*C*ACH*CCP*01*031100225*DA*2079950064280/*1220999690**01*021202337*DA*822183885*20130917~TRN*1*0004240297*1220999690*8352013091803582018~REF*EV*1588960942~DTM*405*20130917~N1*PR*HORIZON BCBSNJ~N3*PAYOR ADDRESS 1~N4*NEWARK*NJ*071010420~REF*2U*22099~N1*PE*LEGACY CONSULTING LLC*XX*1588960942~N3*18 WALLACE ST~N4*RED BANK*NJ*077011857~REF*PQ*2712946760~REF*TJ*271294676~LX*1~CLP*DIMODP*1*130*55.2*13.8*13*780261325380515   00**1~NM1*QC*1*DIMODUGNO*PATRICIA*E***MI*3HZN85074510~NM1*82*2*LEGACY CONSULTING LLC*****XX*1588960942~DTM*050*20130909~DTM*232*20130905~DTM*233*20130905~PER*CX*NJ DIRECT*TE*8006241110~AMT*AU*69~AMT*T2*55.2~SVC*HC:99199*130*55.2**1*HC:90834~DTM*472*20130905~CAS*PR*2*13.8~CAS*CO*45*61~REF*6R*000001~REF*HPI*1588960942~AMT*B6*69~CLP*NOTPRESENT*1*250*96.6*41.4*13*780271325477013   00**1~NM1*QC*1*FROTTON*RENEE****MI*3HZN10566470~NM1*82*2*LEGACY CONSULTING LLC*****XX*1588960942~DTM*050*20130910~DTM*232*20130820~DTM*233*20130830~PER*CX*NJ DIRECT*TE*8006241110~AMT*AU*138~AMT*T2*96.6~SVC*HC:99199*125*48.3**1*HC:90834~DTM*472*20130820~CAS*PR*2*20.7~CAS*CO*45*56~REF*6R*000001~REF*HPI*1588960942~AMT*B6*69~SVC*HC:99199*125*48.3**1*HC:90834~DTM*472*20130830~CAS*PR*2*20.7~CAS*CO*45*56~REF*6R*000002~REF*HPI*1588960942~AMT*B6*69~CLP*NJX3HZN61960040*1*125*48.3*20.7*13*780271325519529   00**1~NM1*QC*1*HERSCHENFELD*GREGORY*J***MI*3HZN619600400~NM1*74*1*HERSCHENFELD*GREGORY*J***C*3HZN61960040~NM1*82*2*LEGACY CONSULTING LLC*****XX*1588960942~DTM*050*20130910~DTM*232*20130828~DTM*233*20130828~PER*CX*NJ DIRECT*TE*8006241110~AMT*AU*69~AMT*T2*48.3~SVC*HC:99199*125*48.3**1*HC:90834~DTM*472*20130828~CAS*PR*2*20.7~CAS*CO*45*56~REF*6R*000001~REF*HPI*1588960942~AMT*B6*69~SE*72*0001~ST*835*0002~BPR*I*90*C*CHK************20130917~TRN*1*0062212629*1220999690*8352013091804284179~REF*EV*1467635987~DTM*405*20130917~N1*PR*HORIZON BCBSNJ~N3*PAYOR ADDRESS 1~N4*NEWARK*NJ*071010420~REF*2U*22099~N1*PE*H K LOPES LPC*XX*1467635987~N3*77 N MAIN ST~N4*MILLTOWN*NJ*088501521~REF*PQ*4540820350~REF*TJ*454082035~LX*1~CLP*71300A130909*1*125*45*15*13*780271325435926   00**1~NM1*QC*1*VARGA*STEVEN****MI*3HZN796037900~NM1*74*1*VARGA*STEVEN*J***C*SNJ3HZN79603790~NM1*82*2*H K LOPES LPC*****XX*1467635987~DTM*050*20130911~DTM*232*20130821~DTM*233*20130821~PER*CX*STATE HEALTH BENEFITS PROGRAM HMO*TE*8006642583~AMT*AU*60~AMT*T2*45~SVC*HC:99199*125*45**1*HC:90834~DTM*472*20130821~CAS*PR*3*15~CAS*CO*45*65~REF*6R*0~REF*HPI*1467635987~AMT*B6*60~CLP*74500A130910*1*125*45*15*13*780281325520788   00**1~NM1*QC*1*VARGA*STEVEN****MI*3HZN796037900~NM1*74*1*VARGA*STEVEN*J***C*SNJ3HZN79603790~NM1*82*2*H K LOPES LPC*****XX*1467635987~DTM*050*20130912~DTM*232*20130828~DTM*233*20130828~PER*CX*STATE HEALTH BENEFITS PROGRAM HMO*TE*8006642583~AMT*AU*60~AMT*T2*45~SVC*HC:99199*125*45**1*HC:90834~DTM*472*20130828~CAS*PR*3*15~CAS*CO*45*65~REF*6R*0~REF*HPI*1467635987~AMT*B6*60~SE*50*0002~GE*2*154281853~IEA*1*154281853~
