ISA*00*          *00*          *ZZ*330897513      *ZZ*ASSOCIATEDBC   *130919*0349*^*00501*154237668*0*P*:~GS*HP*330897513*ASSOCIATEDBC*20130919*0349*154237668*X*005010X221A1~ST*835*0001~BPR*I*119.85*C*ACH*CCP*01*043301627*DA*1029131471*1571132733*000099726*01*999999999*DA*999999999*20130923~TRN*1*5368379260WR3*1571132733*000099726~REF*EV*7GW1187SC0~REF*F2*447585592     R86030917008416~DTM*405*20130917~N1*PR*TRICARE~N3*TRICARE WEST REGION*P.O. BOX 7065~N4*CAMDEN*SC*290207065~REF*2U*99726~REF*EO*1100000001~PER*BL*TRICARE ELECTRONIC CLAIMS SERVICE CENTER*TE*8003255920~N1*PE*KATHI JACKSON*XX*1144266438~N3*2731 WETMORE AVE~N4*EVERETT*WA*98201~REF*TJ*447585592~LX*1~CLP*KATHI L JACKSON P*1*150*0**CH*3246R2208-00*11*1~NM1*QC*1*BOUDREAU*SAVANNA*R***MI*052581012~NM1*IL*1*BOUDREAU*PHILIP*J***MI*052581012~DTM*050*20130903~SVC*HC:90834*150*0~DTM*472*20130420~CAS*CO*18*150~LX*2~CLP*750694059*1*150*55.47*25*CH*3259X3G84-00*11*1~NM1*QC*1*BEEMAN*KIAH*L***MI*594640993~NM1*IL*1*BEEMAN*MICHAEL*W***MI*594640993~DTM*050*20130916~AMT*AU*80.47~SVC*HC:90834*150*55.47~DTM*472*20130904~CAS*CO*45*69.53~CAS*PR*3*25~REF*6R*262750694059~AMT*B6*80.47~LX*3~CLP*750694065*1*150*64.38*16.09*CH*3259X3G85-00*11*1~NM1*QC*1*OTTERBECK*HAYLEY*G***MI*416988756~NM1*IL*1*BARR*RICKY*K***MI*416988756~DTM*050*20130916~AMT*AU*80.47~SVC*HC:90834*150*64.38~DTM*472*20130909~CAS*CO*45*69.53~CAS*PR*2*16.09~REF*6R*268750694065~AMT*B6*80.47~SE*49*0001~ST*835*0002~BPR*H*0*C*NON************20130923~TRN*1*R86030918008430*1571132733*000099726~REF*EV*7GW1187SC0~REF*F2*447585592     R86030918008430~DTM*405*20130918~N1*PR*TRICARE~N3*TRICARE WEST REGION*P.O. BOX 7065~N4*CAMDEN*SC*290207065~REF*2U*99726~REF*EO*1100000001~PER*BL*TRICARE ELECTRONIC CLAIMS SERVICE CENTER*TE*8003255920~N1*PE*KATHI JACKSON*FI*447585592~N3*2731 WETMORE AVE~N4*EVERETT*WA*98201~LX*1~CLP*KATHI L JACKSON P*1*150*0**CH*3259Q8825-00*11*1~NM1*QC*1*REID*STEPHANIE*D***MI*536965875~NM1*IL*1*REID*JEFFRY*M***MI*536965875~DTM*050*20130916~SVC*HC:90834*150*0~DTM*472*20130822~CAS*CO*16*150~LQ*HE*MA04~SE*25*0002~GE*2*154237668~IEA*1*154237668~
