ISA*00*          *00*          *ZZ*330897513      *ZZ*ASSOCIATEDBC   *130919*2204*^*00501*154398941*0*P*:~GS*HP*330897513*ASSOCIATEDBC*20130919*2204*154398941*X*005010X221A1~ST*835*0001~BPR*I*171.47*C*CHK************20130914~TRN*1*20130914148003050EPRA15887784*1910499247*N~REF*EV*PB5~DTM*405*20130914~N1*PR*PREMERA BLUE CROSS~N3*PO BOX 327*MS 357~N4*SEATTLE*WA*98111~PER*CX*EDI TEAM*EM*EDI@PREMERA.COM*TE*8004352715~PER*BL*EDI TEAM*EM*EDI@PREMERA.COM*TE*8004352715~N1*PE*KATHI L. JACKSON*XX*1144266438~N3*2731 WETMORE AVE*STE 240~N4*EVERETT*WA*982013581~REF*TJ*447585592~LX*0~CLP*UNK*2*450*171.47**12*827139665700*11*1~NM1*QC*1*ARNOLD*THOMAS~NM1*IL*1*ARNOLD*MICHELLE****MI*600431039~NM1*74*1***D~REF*1L*1033845~REF*CE*PBC PPO (HERITAGE) NETWORK~DTM*050*20130815~AMT*AU*278.47~SVC*HC:90791*300*142.41**1~DTM*472*20130626~CAS*CO*45*118.59~CAS*OA*23*39~AMT*B6*181.41~SVC*HC:90834*150*29.06**1~DTM*472*20130703~CAS*CO*45*52.94~CAS*OA*23*68~AMT*B6*97.06~SE*34*0001~GE*1*154398941~IEA*1*154398941~
