ISA*00*          *00*          *ZZ*330897513      *ZZ*ASSOCIATEDBC   *130919*2330*^*00501*154402934*0*P*:~GS*HP*330897513*ASSOCIATEDBC*20130919*2330*154402934*X*005010X221A1~ST*835*0001~BPR*I*54.89*C*ACH*CCP*01*081517693*DA*152302017073*1205296137**01*221981063*DA*605274550000*20130918~TRN*1*885940823*1205296137~REF*EV*1929361~DTM*405*20130917~N1*PR*NOVITAS SOLUTIONS, INC.~N3*PO BOX 3031~N4*MECHANICSBURG*PA*170551803~REF*2U*12402~PER*CX**TE*8772358073~PER*BL*NOVITAS SOLUTIONS, INC. EDI SERVICES*TE*8772358073*EX*1*EM*WEBSITEEDI@NOVITAS_SOLUTIONS.COM~N1*PE*CATHERINE BIANCHI  CP*XX*1801923404~N3*44 ELM STREET~N4*MORRISTOWN*NJ*079604110~REF*TJ*056605274~LX*1~CLP*51300A130827*19*190*54.89*30.16*MB*0213247184910*11*1~NM1*QC*1*BELFORD*LINDA****HN*148366600A~NM1*TT*2*HORIZON BCBS OF NEW JERSEY*****PI*00019~MOA***MA01*MA18~DTM*050*20130904~SVC*HC:90834*190*54.89**1~DTM*472*20130807~CAS*CO*45*103.83**223*1.12~CAS*PR*2*14**122*16.16~REF*6R*0~REF*LU*11~AMT*B6*86.17~SE*29*0001~ST*835*0002~BPR*I*288.19*C*ACH*CCP*01*081517693*DA*152302017073*1205296137**01*231372691*DA*0181143836*20130918~TRN*1*885939056*1205296137~REF*EV*1929361~DTM*405*20130917~N1*PR*NOVITAS SOLUTIONS, INC.~N3*PO BOX 3031~N4*MECHANICSBURG*PA*170551803~REF*2U*12402~PER*CX**TE*8772358073~PER*BL*NOVITAS SOLUTIONS, INC. EDI SERVICES*TE*8772358073*EX*1*EM*WEBSITEEDI@NOVITAS_SOLUTIONS.COM~N1*PE*MAUREEN WIESE WAIBEL  CSW*XX*1902991391~N3*800 RARITAN ROAD~N4*CLARK*NJ*070661710~REF*TJ*262135919~LX*1~CLP*55800A130830*19*125*41.17*22.62*MB*0213247184930*11*1~NM1*QC*1*CORDLE*MADELINE****HN*150324153A~NM1*TT*2*UNITEDHEALTH GROUP*****PI*30002~MOA***MA01*MA18~DTM*050*20130904~SVC*HC:90834*125*41.17**1~DTM*472*20130821~CAS*CO*45*60.37**223*0.84~CAS*PR*2*10.5**122*12.12~REF*6R*0~REF*LU*11~AMT*B6*64.63~CLP*58400A130830*19*125*41.17*22.62*MB*0213247184970*11*1~NM1*QC*1*FETICS*MARY****HN*152249968A~NM1*TT*2*UNITEDHEALTH GROUP*****PI*30002~MOA***MA01*MA18~DTM*050*20130904~SVC*HC:90834*125*41.17**1~DTM*472*20130827~CAS*CO*45*60.37**223*0.84~CAS*PR*2*10.5**122*12.12~REF*6R*0~REF*LU*11~AMT*B6*64.63~CLP*54300A130830*1*125*41.17*22.62*MB*0213247184920*11*1~NM1*QC*1*LIPARI*BARBARA****HN*157662010A~MOA***MA01~DTM*050*20130904~SVC*HC:90834*125*41.17**1~DTM*472*20130819~CAS*CO*45*60.37**223*0.84~CAS*PR*2*10.5**122*12.12~REF*6R*0~REF*LU*11~AMT*B6*64.63~CLP*57200A130830*1*125*41.17*22.62*MB*0213247184950*11*1~NM1*QC*1*LIPARI*BARBARA****HN*157662010A~MOA***MA01~DTM*050*20130904~SVC*HC:90834*125*41.17**1~DTM*472*20130823~CAS*CO*45*60.37**223*0.84~CAS*PR*2*10.5**122*12.12~REF*6R*0~REF*LU*11~AMT*B6*64.63~CLP*57800A130830*1*125*41.17*22.62*MB*0213247184960*11*1~NM1*QC*1*LIPARI*BARBARA****HN*157662010A~MOA***MA01~DTM*050*20130904~SVC*HC:90834*125*41.17**1~DTM*472*20130826~CAS*CO*45*60.37**223*0.84~CAS*PR*2*10.5**122*12.12~REF*6R*0~REF*LU*11~AMT*B6*64.63~CLP*55900A130830*19*125*41.17*22.62*MB*0213247184940*11*1~NM1*QC*1*PORTER*DOROTHY****HN*139308631A~NM1*TT*2*UNITEDHEALTH GROUP*****PI*30002~MOA***MA01*MA18~DTM*050*20130904~SVC*HC:90834*125*41.17**1~DTM*472*20130821~CAS*CO*45*60.37**223*0.84~CAS*PR*2*10.5**122*12.12~REF*6R*0~REF*LU*11~AMT*B6*64.63~CLP*58500A130830*19*125*41.17*22.62*MB*0213247184980*11*1~NM1*QC*1*PORTER*DOROTHY****HN*139308631A~NM1*TT*2*UNITEDHEALTH GROUP*****PI*30002~MOA***MA01*MA18~DTM*050*20130904~SVC*HC:90834*125*41.17**1~DTM*472*20130827~CAS*CO*45*60.37**223*0.84~CAS*PR*2*10.5**122*12.12~REF*6R*0~REF*LU*11~AMT*B6*64.63~SE*98*0002~GE*2*154402934~IEA*1*154402934~
