ISA*00*          *00*          *ZZ*330897513      *ZZ*ASSOCIATEDBC   *130920*0634*U*00401*154433640*0*P*:~GS*HP*330897513*ASSOCIATEDBC*20130920*0634*154433640*X*004010X091A1~ST*835*0001~BPR*I*123*C*CHK************20130918~TRN*1*PG40578115*1411289245*000087726~DTM*405*20130918~N1*PR*UNITED HEALTHCARE INSURANCE COMPANY*XV*87726~N3*SPRINGFIELD SERVICE CENTER*PO BOX 740800~N4*ATLANTA*GA*303740800~REF*2U*87726~PER*CX*SPRINGFIELD SERVICE CENTER*TE*8778423210~N1*PE*JAMES P GULLA*XX*1922200658~N3*13 HOLLOW OAK DR~N4*SANDOWN*NH*038730000~REF*TJ*028425801~LX*1~TS3*1922200658*11*20131231*3*375~CLP*749525957*1*125*41*20*13*4269570940 0021882823*11~NM1*QC*1*ALAMI*AYMAN~NM1*IL*1*ALAMI*AYMAN****MI*923032615~REF*1L*201057~REF*CE*CHOYC+~REF*G1*UBH~DTM*050*20130913~DTM*232*20130911~AMT*AU*125~SVC*HC:90834*125*41**1~DTM*472*20130911~CAS*CO*45*64~CAS*PR*3*20~REF*6R*491749525957~AMT*B6*61~CLP*749525985*1*125*41*20*13*4269570941 0026312300*11~NM1*QC*1*OVERDEPUT*HUGO~NM1*IL*1*OVERDEPUT*DEBORAH****MI*979857783~REF*1L*715087~REF*CE*CHOYC+~DTM*050*20130913~DTM*232*20130909~AMT*AU*125~SVC*HC:90847*125*41**1~DTM*472*20130909~CAS*CO*45*64~CAS*PR*3*20~REF*6R*522749525985~AMT*B6*61~CLP*749525983*1*125*41*20*13*4269570942 0026312302*11~NM1*QC*1*OVERDEPUT*DEBORAH~NM1*IL*1*OVERDEPUT*DEBORAH****MI*979857783~REF*1L*715087~REF*CE*CHOYC+~REF*G1*UBH~DTM*050*20130913~DTM*232*20130910~AMT*AU*125~SVC*HC:90834*125*41**1~DTM*472*20130910~CAS*CO*45*64~CAS*PR*3*20~REF*6R*521749525983~AMT*B6*61~SE*60*0001~ST*835*0002~BPR*I*20*C*CHK************20130918~TRN*1*QC56565013*1411289245*000087726~DTM*405*20130918~N1*PR*UNITED HEALTHCARE INSURANCE COMPANY*XV*87726~N3*GREENSBORO SERVICE CENTER*P.O. BOX 30555~N4*SALT LAKE CITY*UT*841300555~REF*2U*87726~PER*CX*GREENSBORO SERVICE CENTER*TE*8778423210~N1*PE*MAUREEN WIESE WAIBEL LLC*XX*1902991391~N3*800 RARITAN RD~N4*CLARK*NJ*070660000~REF*TJ*262135919~LX*1~TS3*1902991391*11*20131231*1*125~CLP*53800A130830*1*125*20*40*13*4256355932 0031103664*11~NM1*QC*1*TABERNA*LILLIAN~NM1*IL*1*TABERNA*LILLIAN****MI*963789037~NM1*74*1*TABERNA*LILIAN*I~REF*1L*709727~REF*CE*CHOYC+~DTM*050*20130902~DTM*232*20130816~AMT*AU*125~SVC*HC:90834*125*20**1~DTM*472*20130816~CAS*CO*45*65~CAS*PR*3*40~REF*6R*0~AMT*B6*60~SE*31*0002~ST*835*0003~BPR*H*0*C*NON************20130918~TRN*1*QK91419662*1411289245*000087726~DTM*405*20130918~N1*PR*UNITED HEALTHCARE INSURANCE COMPANY*XV*87726~N3*SPRINGFIELD SERVICE CENTER*PO BOX 30555~N4*SALT LAKE CITY*UT*841300555~REF*2U*87726~PER*CX*SPRINGFIELD SERVICE CENTER*TE*8778423210~N1*PE*JAMES P GULLA*XX*1922200658~N3*13 HOLLOW OAK DR~N4*SANDOWN*NH*038730000~REF*TJ*028425801~LX*1~TS3*1922200658*11*20131231*2*250~CLP*749525960*1*125*0*61*13*4269570938 0042178690*11~NM1*QC*1*CASTOR*BECK~NM1*IL*1*COTE*LISA****MI*845337462~NM1*74*1*COTE*LISA*M~MOA***N367~REF*1L*707078~REF*CE*CHOYC+~REF*G1*UBH~DTM*050*20130913~DTM*232*20130905~AMT*AU*125~SVC*HC:90834*125*0**1~DTM*472*20130905~CAS*CO*45*64~CAS*PR*1*61~REF*6R*494749525960~AMT*B6*61~CLP*749525962*1*125*0*61*13*4269570939 0042178691*11~NM1*QC*1*COTE*LISA~NM1*IL*1*COTE*LISA****MI*845337462~NM1*74*1*COTE*LISA*M~MOA***N367~REF*1L*707078~REF*CE*CHOYC+~DTM*050*20130913~DTM*232*20130904~AMT*AU*125~SVC*HC:90834*125*0**1~DTM*472*20130904~CAS*CO*45*64~CAS*PR*1*61~REF*6R*496749525962~AMT*B6*61~SE*49*0003~GE*3*154433640~IEA*1*154433640~
