ISA*00*          *00*          *ZZ*330897513      *ZZ*ASSOCIATEDBC   *130920*1028*U*00401*154468132*0*P*:~GS*HP*330897513*ASSOCIATEDBC*20130920*1028*154468132*X*004010X091A1~ST*835*0001~BPR*I*146.5*C*CHK************20130918~TRN*1*0000063836*1391995276*CPJ991800990208~DTM*405*20130918~N1*PR*UMR~N3*115 W WAUSAU AVE~N4*WAUSAU*WI*54402~REF*2U*39026~N1*PE*DANIEL EDELMAN*XX*1891744421~REF*TJ*203009626~LX*1~CLP*743305513*1*300*146.5*20*12*13242376934~NM1*QC*1*GAFFNEY*EDWARD~NM1*IL*1*GAFFNEY*EDWARD****MI*13705045~NM1*82*1*EDELMAN*DANIEL****XX*1629041165~REF*1L*76540030~SVC*HC:90834*150*73.25~DTM*472*20130810~CAS*CO*45*66.75~CAS*PR*3*10~REF*6R*589743305513~AMT*B6*83.25~SVC*HC:90834*150*73.25~DTM*472*20130824~CAS*CO*45*66.75~CAS*PR*3*10~REF*6R*590743305513~AMT*B6*83.25~SE*29*0001~ST*835*0002~BPR*I*54*C*CHK************20130918~TRN*1*0062229366*1220999690*8352013091904534249~REF*EV*1467635987~DTM*405*20130918~N1*PR*HORIZON BCBSNJ~N3*PAYOR ADDRESS 1~N4*NEWARK*NJ*071010420~REF*2U*22099~N1*PE*H K LOPES LPC*XX*1467635987~N3*77 N MAIN ST~N4*MILLTOWN*NJ*088501521~REF*PQ*4540820350~REF*TJ*454082035~LX*1~CLP*71800A130909*1*125*54*6*13*780271325435924   00**1~NM1*QC*1*MAGAZINER*SARAH****MI*NJX3HZN62032420~NM1*IL*1*MAGAZINER*SHERYL*F***MI*3HZN620324200~NM1*82*2*H K LOPES LPC*****XX*1467635987~DTM*050*20130911~DTM*232*20130824~DTM*233*20130824~PER*CX*NJ DIRECT*TE*8006241110~AMT*AU*60~AMT*T2*54~SVC*HC:99199*125*54**1*HC:90834~DTM*472*20130824~CAS*PR*2*6~CAS*CO*45*65~REF*6R*0~REF*HPI*1467635987~AMT*B6*60~CLP*71100A130909*1*125*0*125*13*780271325435925   00**1~NM1*QC*1*STEINER*SARA****MI*NJX3HZN86113210~NM1*IL*1*STEINER*VICENZA****MI*3HZN861132100~NM1*74*1*STEINER*VINCENE*A***C*3HZN861132100~NM1*82*2*H K LOPES LPC*****XX*1467635987~DTM*050*20130911~DTM*232*20130820~DTM*233*20130820~PER*CX*NJ DIRECT*TE*8006241110~SVC*HC:99199*125*0**1*HC:90834~DTM*472*20130820~CAS*PR*22*125~REF*6R*0~REF*HPI*1467635987~CLP*NJX3HZN86113210*1*250*0*250*13*780271325476994   00**1~NM1*QC*1*STEINER*SARA****MI*3HZN86113210~NM1*IL*1*STEINER*VINCENE*A***MI*3HZN861132100~NM1*82*2*H K LOPES LPC*****XX*1467635987~DTM*050*20130910~DTM*232*20130731~DTM*233*20130806~PER*CX*NJ DIRECT*TE*8006241110~SVC*HC:99199*125*0**1*HC:90834~DTM*472*20130731~CAS*PR*22*125~REF*6R*000001~REF*HPI*1467635987~SVC*HC:99199*125*0**1*HC:90834~DTM*472*20130806~CAS*PR*22*125~REF*6R*000002~REF*HPI*1467635987~SE*65*0002~GE*2*154468132~IEA*1*154468132~
