ISA*00*          *00*          *ZZ*330897513      *ZZ*ASSOCIATEDBC   *130923*0648*U*00401*154657068*0*P*:~GS*HP*330897513*ASSOCIATEDBC*20130923*0648*154657068*X*004010X091A1~ST*835*0001~BPR*I*74*C*ACH*CCP*01*124384877*DA*1470858534*1411289245*000087726*01*323371076*DA*17606003194*20130923~TRN*1*1QG92733512*1411289245*000087726~DTM*405*20130918~N1*PR*UNITED HEALTHCARE INSURANCE COMPANY*XV*87726~N3*9900 BREN ROAD~N4*MINNETONKA*MN*553430000~REF*2U*87726~PER*CX*ATLANTA SERVICE CENTER*TE*8778423210~N1*PE*KATHI L JACKSON PHD*XX*1144266438~N3*2731 WETMORE AVENUE 240~N4*EVERETT*WA*982010000~REF*TJ*447585592~LX*1~TS3*1144266438*11*20131231*1*150~CLP*750694061*1*150*74*18.5*13*4272996402 0036552703*11~NM1*QC*1*DALTON*JENNICA~NM1*IL*1*DALTON*CHRISTINE****MI*837211553~NM1*74*1*DALTON*CHRISTINE*L~REF*1L*189416~REF*CE*CHOYC+~DTM*050*20130917~DTM*232*20130903~AMT*AU*150~SVC*HC:90834*150*74**1~DTM*472*20130903~CAS*CO*45*57.5~CAS*PR*2*18.5~REF*6R*264750694061~AMT*B6*92.5~SE*31*0001~ST*835*0002~BPR*I*30*C*CHK************20130919~TRN*1*PG40601987*1411289245*000087726~DTM*405*20130919~N1*PR*UNITED HEALTHCARE INSURANCE COMPANY*XV*87726~N3*KINGSTON SERVICE CENTER*PO BOX 740800~N4*ATLANTA*GA*303740800~REF*2U*87726~PER*CX*KINGSTON SERVICE CENTER*TE*8778423210~N1*PE*NANCY SAXTON LOPEZ*XX*1053490193~N3*6 PROSPECT ST STE 3B~N4*MIDLAND PARK*NJ*074320000~REF*TJ*096386775~LX*1~TS3*1053490193*11*20131231*1*125~CLP*970114223*1*125*30*30*13*4272996076 0004226845*11~NM1*QC*1*HAND*SARIT~NM1*IL*1*HAND*SARIT****MI*970114223~NM1*74*1*HAND*SARIT*F~REF*1L*752233~REF*CE*CHOYC+~DTM*050*20130917~DTM*232*20130909~AMT*AU*125~SVC*HC:90834*125*30**1~DTM*472*20130909~CAS*CO*45*65~CAS*PR*3*30~REF*6R*324970114223~AMT*B6*60~SE*31*0002~ST*835*0003~BPR*I*45*C*CHK************20130919~TRN*1*PH41318230*1411289245*000087726~DTM*405*20130919~N1*PR*UNITED HEALTHCARE INSURANCE COMPANY*XV*87726~N3*GREENSBORO SERVICE CENTER*P.O. BOX 740800~N4*ATLANTA*GA*303740800~REF*2U*87726~PER*CX*GREENSBORO SERVICE CENTER*TE*8778423210~N1*PE*ROBYN M REZNIK*XX*1417034182~N3*9 PROFESSIONAL CIR STE 206~N4*COLTS NECK*NJ*077220000~REF*TJ*204217997~LX*1~TS3*1417034182*11*20131231*1*125~CLP*81700A130917*1*125*45*15*13*4274724530 0005665700*11~NM1*QC*1*BUSZKO*KRISTEN~NM1*IL*1*BUSZKO*KRISTEN****MI*829910697~NM1*74*1*BUSZKO*KRISTEN*A~REF*1L*700049~REF*CE*CHOYC+~DTM*050*20130918~DTM*232*20130910~AMT*AU*125~SVC*HC:90834*125*45**1~DTM*472*20130910~CAS*CO*45*65~CAS*PR*3*15~REF*6R*0~AMT*B6*60~SE*31*0003~ST*835*0004~BPR*I*105.86*C*CHK************20130919~TRN*1*PH87298142*1411289245*000087726~DTM*405*20130919~N1*PR*UNITED HEALTHCARE INSURANCE COMPANY*XV*87726~N3*GREENSBORO SERVICE CENTER*P O BOX 740800~N4*ATLANTA*GA*303740800~REF*2U*87726~PER*CX*GREENSBORO SERVICE CENTER*TE*8006388010~N1*PE*NANCY SAXTON LOPEZ*XX*1053490193~N3*6 PROSPECT ST STE 3B~N4*MIDLAND PARK*NJ*074320000~REF*TJ*096386775~LX*1~TS3*1053490193*11*20131231*2*375~CLP*NANCY SAXT0NL*2*125*9.86*12.76*15*4266518180 0085617999*11~NM1*QC*1*DANIEL*JANE*E~NM1*IL*1*DANIEL*JANE*E***MI*973617756~REF*1L*183644~REF*CE*IND~DTM*050*20130911~DTM*232*20130727~AMT*AU*63.79~SVC*HC:90834*125*9.86**1~DTM*472*20130727~CAS*OA*23*102.38~CAS*PR*2*12.76~REF*6R*LX#01~AMT*B6*63.79~CLP*750671786*1*250*96*24*13*4272996075 0057305086*11~NM1*QC*1*HIGDON*ERICA~NM1*IL*1*HIGDON*WILLIAM****MI*927727818~NM1*74*1*HIGDON*WILLIAM*D~REF*1L*230093~REF*CE*CHOYC+~DTM*050*20130917~DTM*232*20130904~DTM*233*20130911~AMT*AU*250~SVC*HC:90834*125*48**1~DTM*472*20130904~CAS*CO*45*65~CAS*PR*2*12~REF*6R*325750671786~AMT*B6*60~SVC*HC:90834*125*48**1~DTM*472*20130911~CAS*CO*45*65~CAS*PR*2*12~REF*6R*326750671786~AMT*B6*60~SE*52*0004~ST*835*0005~BPR*H*0*C*NON************20130921~TRN*1*030920Z002221*1222745725*000087726~REF*EV*200286572~DTM*405*20130921~N1*PR*UNITED HEALTHCARE INSURANCE COMPANY*XV*87726~N3*P.O. BOX 31362~N4*SALT LAKE CTY*UT*84131~REF*2U*87726~PER*CX*UNITEDHEALTHCARE*TE*8778423210~N1*PE*CYNTHIA MARY BRATMAN, PSY*FI*200286572~N3*20 NASSAU ST STE 209~N4*PRINCETON*NJ*085424509~LX*1~CLP*0*1*450*0**16*NYC8037881600*11~NM1*QC*1*LICHTENSTEIN*KAREN****MI*96659747200~NM1*74*1******C*966597472~NM1*82*1*BRATMAN*PSY*C***XX*1184788275~MOA***N102~REF*1L*40550~REF*CE*AARP MEDICARECOMPLETE PLAN 1~REF*F8*7962597801~DTM*050*20130919~DTM*232*20130307~DTM*233*20130418~SVC*HC:90834*75*0**1**10~DTM*472*20130307~CAS*PI*16*75~SVC*HC:90834*75*0**1**10~DTM*472*20130314~CAS*PI*16*75~SVC*HC:90834*75*0**1**10~DTM*472*20130328~CAS*PI*16*75~SVC*HC:90834*75*0**1**10~DTM*472*20130402~CAS*PI*16*75~SVC*HC:90834*75*0**1**10~DTM*472*20130411~CAS*PI*16*75~SVC*HC:90834*75*0**1**10~DTM*472*20130418~CAS*PI*16*75~SE*44*0005~ST*835*0006~BPR*I*80*C*CHK************20130919~TRN*1*OD40535139*1411289245*000087726~DTM*405*20130919~N1*PR*UNITED HEALTHCARE INSURANCE COMPANY*XV*87726~N3*EMPIRE MHSA SERVICE CENTER*PO BOX 5190~N4*KINGSTON*NY*124025190~REF*2U*87726~PER*CX*EMPIRE MHSA SERVICE CENTER*TE*8777697447~N1*PE*NANCY SAXTON LOPEZ*XX*1053490193~N3*6 PROSPECT ST STE 3B~N4*MIDLAND PARK*NJ*074320000~REF*TJ*096386775~LX*1~TS3*1053490193*11*20131231*1*250~CLP*745787321*1*250*80*40*12*4258870130 0285002750*11~NM1*QC*1*MORRIS*LINDA~NM1*IL*1*MORRIS*LINDA****MI*890149798~NM1*74*1*MORRIS*L*B~REF*1L*715116~REF*CE*OPT PPO~REF*G1*97NL8W-01 (OPTU~DTM*050*20130904~DTM*232*20130813~DTM*233*20130827~AMT*AU*250~SVC*HC:90834*125*40**1~DTM*472*20130813~CAS*CO*45*65~CAS*PR*3*20~REF*6R*935745787321~AMT*B6*60~SVC*HC:90834*125*40**1~DTM*472*20130827~CAS*CO*45*65~CAS*PR*3*20~REF*6R*936745787321~AMT*B6*60~SE*39*0006~GE*6*154657068~IEA*1*154657068~
