ISA*00*          *00*          *ZZ*330897513      *ZZ*ASSOCIATEDBC   *130923*0821*^*00501*154676146*0*P*:~GS*HP*330897513*ASSOCIATEDBC*20130923*0821*154676146*X*005010X221A1~ST*835*0001~BPR*I*320.46*C*ACH*CCP*01*081517693*DA*152302017073*1205296137**01*021200339*DA*381006409421*20130919~TRN*1*885946067*1205296137~REF*EV*1929361~DTM*405*20130918~N1*PR*NOVITAS SOLUTIONS, INC.~N3*PO BOX 3031~N4*MECHANICSBURG*PA*170551803~REF*2U*12402~PER*CX**TE*8772358073~PER*BL*NOVITAS SOLUTIONS, INC. EDI SERVICES*TE*8772358073*EX*1*EM*WEBSITEEDI@NOVITAS_SOLUTIONS.COM~N1*PE*CYNTHIA M. BRATMAN  CP*XX*1184788275~N3*SUITE 209*20 NASSAU ST~N4*PRINCETON*NJ*085424509~REF*TJ*200286572~LX*1~CLP*0*19*175*53.41*29.35*MB*0813233159730*11~NM1*QC*1*KUDRA*TARA****HN*194584895A~NM1*TT*2*COMMONWEALTH OF PENNSYLVANIA*****PI*70031~MOA***MA01*MA27*MA07~DTM*050*20130821~SVC*HC:90834*175*53.41**1~DTM*472*20130816~CAS*CO*45*91.15**223*1.09~CAS*PR*2*13.63**122*15.72~REF*6R*LX#01~REF*LU*11~AMT*B6*83.85~CLP*CYNTH1A BRATMA*19*1050*267.05*146.75*MB*0813233159740*11~NM1*QC*1*KUDRA*TARA****HN*194584895A~NM1*TT*2*COMMONWEALTH OF PENNSYLVANIA*****PI*70031~MOA***MA01*MA27*MA07~DTM*050*20130821~SVC*HC:90834*175*53.41**1~DTM*472*20130801~CAS*CO*45*91.15**223*1.09~CAS*PR*2*13.63**122*15.72~REF*6R*LX#01~REF*LU*11~AMT*B6*83.85~SVC*HC:90834*175*53.41**1~DTM*472*20130805~CAS*CO*45*91.15**223*1.09~CAS*PR*2*13.63**122*15.72~REF*6R*LX#02~REF*LU*11~AMT*B6*83.85~SVC*HC:90834*175*53.41**1~DTM*472*20130808~CAS*CO*45*91.15**223*1.09~CAS*PR*2*13.63**122*15.72~REF*6R*LX#03~REF*LU*11~AMT*B6*83.85~SVC*HC:90834*175*53.41**1~DTM*472*20130813~CAS*CO*45*91.15**223*1.09~CAS*PR*2*13.63**122*15.72~REF*6R*LX#04~REF*LU*11~AMT*B6*83.85~SVC*HC:90834*175*53.41**1~DTM*472*20130814~CAS*CO*45*91.15**223*1.09~CAS*PR*2*13.63**122*15.72~REF*6R*LX#05~REF*LU*11~AMT*B6*83.85~SVC*HC:90834*175*0**0**1~DTM*472*20130816~CAS*OA*18*175~REF*6R*LX#06~REF*LU*11~LQ*HE*N522~SE*75*0001~ST*835*0002~BPR*H*0*C*NON************20130919~TRN*1*358977963*1205296137~REF*EV*1929361~DTM*405*20130918~N1*PR*NOVITAS SOLUTIONS, INC.~N3*PO BOX 3031~N4*MECHANICSBURG*PA*170551803~REF*2U*12402~PER*CX**TE*8772358073~PER*BL*NOVITAS SOLUTIONS, INC. EDI SERVICES*TE*8772358073*EX*1*EM*WEBSITEEDI@NOVITAS_SOLUTIONS.COM~N1*PE*KAREN G. WAY*XX*1477603942~N3*38 JUNIPER LANE~N4*PISCATAWAY*NJ*088545632~REF*TJ*264523736~LX*1~CLP*152423142W*1*150*0**MB*0813252060510*11~NM1*QC*1*BERBAUM*JOANNE*I***HN*152423142W~MOA***MA01~DTM*050*20130909~SVC*HC:90834*150*0**0**1~DTM*472*20130802~CAS*OA*18*150~REF*6R*LX#01~REF*LU*11~LQ*HE*N522~CLP*140784147 A*1*300*0**MB*0813252060500*11~NM1*QC*1*FOSTER*KELLY****HN*140784147A~MOA***MA01~DTM*050*20130909~SVC*HC:90834*150*0**0**1~DTM*472*20130802~CAS*OA*18*150~REF*6R*LX#01~REF*LU*11~LQ*HE*N522~SVC*HC:90834*150*0**0**1~DTM*472*20130809~CAS*OA*18*150~REF*6R*LX#02~REF*LU*11~LQ*HE*N522~SE*43*0002~ST*835*0003~BPR*H*0*C*NON************20130919~TRN*1*358975262*1205296137~REF*EV*1929361~DTM*405*20130918~N1*PR*NOVITAS SOLUTIONS, INC.~N3*PO BOX 3031~N4*MECHANICSBURG*PA*170551803~REF*2U*12402~PER*CX**TE*8772358073~PER*BL*NOVITAS SOLUTIONS, INC. EDI SERVICES*TE*8772358073*EX*1*EM*WEBSITEEDI@NOVITAS_SOLUTIONS.COM~N1*PE*MAUREEN WIESE WAIBEL  CSW*XX*1902991391~N3*800 RARITAN ROAD~N4*CLARK*NJ*070661710~REF*TJ*262135919~LX*1~CLP*140345760B*1*125*0**MB*0813252060410*11~NM1*QC*1*ANDROLOWICZ*ROSE****HN*140345760B~MOA***MA01~DTM*050*20130909~SVC*HC:90834*125*0**0**1~DTM*472*20130730~CAS*OA*18*125~REF*6R*LX#01~REF*LU*11~LQ*HE*N522~CLP*137426725 A*1*125*0**MB*0813252060520*11~NM1*QC*1*TORRE*JOSEPH****HN*137426725A~MOA***MA01~DTM*050*20130909~SVC*HC:90834*125*0**0**1~DTM*472*20130801~CAS*OA*18*125~REF*6R*LX#01~REF*LU*11~LQ*HE*N522~SE*37*0003~ST*835*0004~BPR*I*78.63*C*ACH*CCP*01*081517693*DA*152302017073*1205296137**01*231372691*DA*0181143836*20130919~TRN*1*885943255*1205296137~REF*EV*1929361~DTM*405*20130918~N1*PR*NOVITAS SOLUTIONS, INC.~N3*PO BOX 3031~N4*MECHANICSBURG*PA*170551803~REF*2U*12402~PER*CX**TE*8772358073~PER*BL*NOVITAS SOLUTIONS, INC. EDI SERVICES*TE*8772358073*EX*1*EM*WEBSITEEDI@NOVITAS_SOLUTIONS.COM~N1*PE*MAUREEN WIESE WAIBEL  CSW*XX*1902991391~N3*800 RARITAN ROAD~N4*CLARK*NJ*070661710~REF*TJ*262135919~LX*1~CLP*55000A130830*19*125*37.46*20.57*MB*0213248174350*11*1~NM1*QC*1*COSQUER*DELORES****HN*143342949A~NM1*TT*2*HORIZON BCBS OF NEW JERSEY*****PI*00019~MOA***MA01*MA18~DTM*050*20130905~SVC*HC:90846*125*37.46**1~DTM*472*20130820~CAS*CO*45*66.21**223*0.76~CAS*PR*2*9.55**122*11.02~REF*6R*35955000A130830~REF*LU*11~AMT*B6*58.79~CLP*56100A130830*19*125*41.17*22.62*MB*0213248174360*11*1~NM1*QC*1*COSQUER*DELORES****HN*143342949A~NM1*TT*2*HORIZON BCBS OF NEW JERSEY*****PI*00019~MOA***MA01*MA18~DTM*050*20130905~SVC*HC:90834*125*41.17**1~DTM*472*20130821~CAS*CO*45*60.37**223*0.84~CAS*PR*2*10.5**122*12.12~REF*6R*36056100A130830~REF*LU*11~AMT*B6*64.63~SE*41*0004~GE*4*154676146~IEA*1*154676146~
