ISA*00*          *00*          *ZZ*330897513      *ZZ*ASSOCIATEDBC   *130923*1443*U*00401*154736560*0*P*:~GS*HP*330897513*ASSOCIATEDBC*20130923*1443*154736560*X*004010X091A1~ST*835*0001~BPR*I*217*C*ACH*CCP*01*031100225*DA*2079950064280/*1220999690**01*021200025*DA*2000030280694*20130919~TRN*1*0004250646*1220999690*8352013092003250926~REF*EV*1598809212~DTM*405*20130919~N1*PR*HORIZON BCBSNJ~N3*PAYOR ADDRESS 1~N4*NEWARK*NJ*071010420~REF*2U*22099~N1*PE*W BENTON PHD*XX*1598809212~N3*PO BOX 3524~N4*UNION*NJ*070831896~REF*PQ*2083116130~REF*TJ*208311613~LX*1~CLP*740711143*22*-160*0**13*780261323464792   01**1~CAS*CR*96*160~CAS*CR*96*-160~NM1*QC*1*TUITT*RONALD*S***MI*NJX3HZN10725950~NM1*82*2*W  BENTON PHD*****XX*1598809212~MOA***MA69~DTM*050*20130918~DTM*232*20130815~DTM*233*20130815~PER*CX*NJ DIRECT*TE*8006241110~SVC*HC:99199*-160*0**1*HC:90834~DTM*472*20130815~CAS*CR*204*-160~REF*6R*784740711143~REF*HPI*1598809212~CLP*740711143*1*160*63*10*13*780261323464792   02**1~NM1*QC*1*TUITT*RONALD*S***MI*NJX3HZN10725950~NM1*82*2*W  BENTON PHD*****XX*1598809212~DTM*050*20130822~DTM*232*20130815~DTM*233*20130815~PER*CX*NJ DIRECT*TE*8006241110~AMT*AU*73~AMT*T2*63~SVC*HC:99199*160*63**1*HC:90834~DTM*472*20130815~CAS*PR*3*10~CAS*CO*45*87~REF*6R*784740711143~REF*HPI*1598809212~AMT*B6*73~CLP*750711644*1*160*77*15*12*780261326170108   00**1~NM1*QC*1*MITTA*IRENE****MI*YHB3HZN65683260~NM1*82*2*W  BENTON PHD*****XX*1598809212~DTM*050*20130918~DTM*232*20130903~DTM*233*20130903~PER*CX*NATIONAL ACCOUNTS SERVICED IN MT.LAUREL*TE*8006244758~AMT*AU*92~AMT*T2*77~SVC*HC:99199*160*77**1*HC:90834~DTM*472*20130903~CAS*PR*3*15~CAS*CO*45*68~REF*6R*487750711644~REF*HPI*1598809212~AMT*B6*92~CLP*750711651*1*160*77*15*12*780261326169794   00**1~NM1*QC*1*SOLOMON*VANETTA****MI*3HZN539855400~NM1*74*1*SOLOMON*VANETTA*L***C*YHB3HZN53985540~NM1*82*2*W  BENTON PHD*****XX*1598809212~DTM*050*20130918~DTM*232*20130906~DTM*233*20130906~PER*CX*NATIONAL ACCOUNTS SERVICED IN MT.LAUREL*TE*8006244758~AMT*AU*92~AMT*T2*77~SVC*HC:99199*160*77**1*HC:90834~DTM*472*20130906~CAS*PR*3*15~CAS*CO*45*68~REF*6R*495750711651~REF*HPI*1598809212~AMT*B6*92~SE*80*0001~ST*835*0002~BPR*I*219.2*C*ACH*CCP*01*031100225*DA*2079950064280/*1220999690**01*021200025*DA*2000030280694*20130920~TRN*1*0004257532*1220999690*8352013092103050966~REF*EV*1598809212~DTM*405*20130920~N1*PR*HORIZON BCBSNJ~N3*PAYOR ADDRESS 1~N4*NEWARK*NJ*071010420~REF*2U*22099~N1*PE*W BENTON PHD*XX*1598809212~N3*PO BOX 3524~N4*UNION*NJ*070831896~REF*PQ*2083116130~REF*TJ*208311613~LX*1~CLP*750711634*1*180*85.5*9.5*13*780261326170110   00**1~NM1*QC*1*BARNES*ALISA****MI*NJX3HZN29576030~NM1*IL*1*KING*STEVEN****MI*3HZN295760300~NM1*74*1*KING*STEVEN*A***C*3HZN295760300~NM1*82*2*W  BENTON PHD*****XX*1598809212~DTM*050*20130918~DTM*232*20130905~DTM*233*20130905~PER*CX*NJ DIRECT*TE*8006241110~AMT*AU*95~AMT*T2*85.5~SVC*HC:99199*180*85.5**1*HC:90791~DTM*472*20130905~CAS*PR*2*9.5~CAS*CO*45*85~REF*6R*477750711634~REF*HPI*1598809212~AMT*B6*95~CLP*NJX3HZN295760*1*175*65.7*7.3*13*780261326186170   00**1~NM1*QC*1*KING*STEVEN****MI*3HZN295760300~NM1*74*1*KING*STEVEN*A***C*NJX3HZN29576030~NM1*82*2*W  BENTON PHD*****XX*1598809212~DTM*050*20130918~DTM*232*20130904~DTM*233*20130904~PER*CX*NJ DIRECT*TE*8006241110~AMT*AU*73~AMT*T2*65.7~SVC*HC:90847*175*65.7**1~DTM*472*20130904~CAS*PR*2*7.3~CAS*CO*45*102~REF*6R*484NJX3HZN295760~REF*HPI*1598809212~AMT*B6*73~CLP*750711635*1*175*23*50*13*780261326170111   00**1~NM1*QC*1*BLADZINSKI*KAREN****MI*YHO3HZN45596920~NM1*82*2*W  BENTON PHD*****XX*1598809212~DTM*050*20130918~DTM*232*20130906~DTM*233*20130906~PER*CX*HORIZON BLUE CROSS BLUE SHIELD OF NEW JERSEY DIRECT ACCESS*TE*8006241110~AMT*AU*73~AMT*T2*23~SVC*HC:90847*175*23**1~DTM*472*20130906~CAS*PR*3*50~CAS*CO*45*102~REF*6R*478750711635~REF*HPI*1598809212~AMT*B6*73~CLP*750711646*1*180*45*50*13*780261326184577   00**1~NM1*QC*1*NARRA*JYOTHI****MI*YKR3HZN13803380~NM1*82*2*W  BENTON PHD*****XX*1598809212~DTM*050*20130918~DTM*232*20130905~DTM*233*20130905~PER*CX*HORIZON BLUE CROSS BLUE SHIELD OF NEW JERSEY DIRECT ACCESS*TE*8006241110~AMT*AU*95~AMT*T2*45~SVC*HC:99199*180*45**1*HC:90791~DTM*472*20130905~CAS*PR*3*50~CAS*CO*45*85~REF*6R*489750711646~REF*HPI*1598809212~AMT*B6*95~SE*83*0002~ST*835*0003~BPR*I*157*C*ACH*CCP*01*031100225*DA*2079950064280/*1220999690**01*231372691*DA*0181143836*20130920~TRN*1*0004261468*1220999690*8352013092103040836~REF*EV*1902991391~DTM*405*20130920~N1*PR*HORIZON BCBSNJ~N3*PAYOR ADDRESS 1~N4*NEWARK*NJ*071010420~REF*2U*22099~N1*PE*M M WIESE WAIBEL LCSW*XX*1902991391~N3*800 RARITAN RD~N4*CLARK*NJ*070661710~REF*PQ*2621359190~REF*TJ*262135919~LX*1~CLP*85900A130917*1*125*54*15*12*780261326274490   00**1~NM1*QC*1*DUFFY*JULIE****MI*3HZN563169500~NM1*74*1*DUFFY*JULIE*A***C*YHB3HZN56316950~NM1*82*2*M M WIESE WAIBEL LCSW*****XX*1902991391~DTM*050*20130919~DTM*232*20130906~DTM*233*20130906~PER*CX*NATIONAL ACCOUNTS SERVICED IN MT.LAUREL*TE*8006244758~AMT*AU*69~AMT*T2*54~SVC*HC:99199*125*54**1*HC:90834~DTM*472*20130906~CAS*PR*3*15~CAS*CO*45*56~REF*6R*0~REF*HPI*1902991391~AMT*B6*69~CLP*86700A130917*1*125*54*15*12*780261326274820   00**1~NM1*QC*1*GREFFER*CHANTAL****MI*3HZN143458400~NM1*74*1*GREFFER*CHANTAL*M***C*YHB3HZN14345840~NM1*82*2*M M WIESE WAIBEL LCSW*****XX*1902991391~DTM*050*20130919~DTM*232*20130909~DTM*233*20130909~PER*CX*NATIONAL ACCOUNTS SERVICED IN MT.LAUREL*TE*8006244758~AMT*AU*69~AMT*T2*54~SVC*HC:99199*125*54**1*HC:90834~DTM*472*20130909~CAS*PR*3*15~CAS*CO*45*56~REF*6R*0~REF*HPI*1902991391~AMT*B6*69~CLP*85100A130917*1*125*49*20*12*780281326203631   00**1~NM1*QC*1*GWALDIS*LISA****MI*HBX3HZN28656930~NM1*82*2*M M WIESE WAIBEL LCSW*****XX*1902991391~DTM*050*20130919~DTM*232*20130905~DTM*233*20130905~PER*CX*NATIONAL ACCOUNTS SERVICED IN MT.LAUREL*TE*8006244758~AMT*AU*69~AMT*T2*49~SVC*HC:99199*125*49**1*HC:90834~DTM*472*20130905~CAS*PR*3*20~CAS*CO*45*56~REF*6R*0~REF*HPI*1902991391~AMT*B6*69~SE*66*0003~GE*3*154736560~IEA*1*154736560~
