ISA*00*          *00*          *ZZ*330897513      *ZZ*ASSOCIATEDBC   *130924*0318*^*00501*154819367*0*P*:~GS*HP*330897513*ASSOCIATEDBC*20130924*0318*154819367*X*005010X221A1~ST*835*0001~BPR*I*89*C*CHK************20130920~TRN*1*2009996555*1061475928~REF*EV*AE02079C~DTM*405*20130920~N1*PR*ANTHEM BCBS OF CT~N3*370 BASSETT ROAD~N4*NORTH HAVEN*CT*064734201~PER*CX*EDI HELP DESK*TE*8003348262~PER*BL*EDI SOLUTIONS*TE*8003348262*EM*EDIHELPDESK-NE@WELLPOINT.COM~N1*PE*BEAZLEY JONATHAN C*XX*1619185469~N3*106 DOWD ST~N4*NEWINGTON*CT*061110000~REF*TJ*454403457~LX*1~CLP*94600A130918*1*50*25*15*12*P379341200*11*1~NM1*QC*1*CLARK*SHANNON****MI*XGC000T420905~NM1*IL*1*CLARK*JAMES****MI*XGC000T420905~NM1*82*1*BEAZLEY*JONATHAN****BS*300000504CT02~DTM*050*20130919~DTM*232*20130910~DTM*233*20130910~SVC*HC:90853*50*25~DTM*472*20130910~CAS*PR*3*15~CAS*CO*45*10~REF*6R*0~AMT*B6*40~LX*2~CLP*94500A130918*1*100*64*10*12*P379341100*11*1~NM1*QC*1*GARDINER*SAMANTHA****MI*XGC0161M50339~NM1*IL*1*GARDINER*ANDREW****MI*XGC0161M50339~NM1*82*1*BEAZLEY*JONATHAN****BS*300000504CT02~DTM*050*20130919~DTM*232*20130909~DTM*233*20130909~SVC*HC:90834*100*64~DTM*472*20130909~CAS*PR*3*10~CAS*CO*45*26~REF*6R*0~AMT*B6*74~SE*43*0001~ST*835*0002~BPR*H*0*C*NON************20130920~TRN*1*NS CHECK 201309200105392500001*1061475928~REF*EV*AE02079C~DTM*405*20130920~N1*PR*ANTHEM BCBS OF CT~N3*370 BASSETT ROAD~N4*NORTH HAVEN*CT*064734201~PER*CX*EDI HELP DESK*TE*8003348262~PER*BL*EDI SOLUTIONS*TE*8003348262*EM*EDIHELPDESK-NE@WELLPOINT.COM~N1*PE*BEAZLEY JONATHAN C*XX*1619185469~N3*103 MANSFIELD HOLLOW RD~N4*MANSFIELD CENTER*CT*062500000~REF*TJ*454403457~LX*1~CLP*94100A130918*1*100*0*100*12*P379341000*11*1~NM1*QC*1*NYE*BRANDON****MI*XGN0313M50244~NM1*IL*1*NYE*TAMMY****MI*XGN0313M50244~NM1*82*1*BEAZLEY*JONATHAN****BS*410000631CT03~DTM*036*20130831~DTM*050*20130919~DTM*232*20130905~DTM*233*20130905~SVC*HC:90834*100*0~DTM*472*20130905~CAS*PR*27*100~REF*6R*0~LQ*HE*N30~SE*29*0002~ST*835*0003~BPR*I*272.64*C*ACH*CCP*01*061000052*DA*3299115453*1311705652**01*011200608*DA*191410030420*20130920~TRN*1*CC15218128*1311705652~REF*EV*AE02079C~DTM*405*20130920~N1*PR*ANTHEM BCBS OF MAINE~N3*2 GANNETT DRIVE~N4*SOUTH PORTLAND*ME*041066909~PER*CX*EDI HELP DESK*TE*8003348262~PER*BL*EDI SOLUTIONS*TE*8003348262*EM*EDIHELPDESK-NE@WELLPOINT.COM~N1*PE*KINNEY KARIN R*XX*1063567766~N3*191 VALLEY RD~N4*RAYMOND*ME*040710000~REF*TJ*141784965~LX*1~CLP*79400A130917*1*90*48.16*25*12*P377839000*11*1~NM1*QC*1*KELSEA*RACHEL****MI*XVG0519M49559~NM1*IL*1*KELSEA*BRIAN****MI*XVG0519M49559~NM1*82*1*RAPEL-KINNEY LCPC*KARIN****BS*24Z099397ME01~DTM*050*20130918~DTM*232*20130905~DTM*233*20130905~SVC*HC:90834*90*48.16~DTM*472*20130905~CAS*PR*3*25~CAS*CO*45*16.84~REF*6R*0~AMT*B6*73.16~LX*2~CLP*80000A130917*1*90*0*73.16*12*P377823800*11*1~NM1*QC*1*COMEAU*RONALD****MI*XVA0872M20120~NM1*74*1*COMEAU*RONALD M.~NM1*82*1*RAPEL-KINNEY LCPC*KARIN****BS*24Z099397ME01~DTM*050*20130918~DTM*232*20130910~DTM*233*20130910~SVC*HC:90834*90*0~DTM*472*20130910~CAS*PR*1*73.16~CAS*CO*45*16.84~REF*6R*0~AMT*B6*73.16~LX*3~CLP*80800A130917*1*90*65*25*12*P377823900*11*1~NM1*QC*1*BROWN*CHRIS****MI*XVH0000001679~NM1*74*1*BROWN*CHRISTOPHER~NM1*82*1*RAPEL-KINNEY LCPC*KARIN****BS*24Z099397ME01~DTM*050*20130918~DTM*232*20130912~DTM*233*20130912~SVC*HC:90791*90*65~DTM*472*20130912~CAS*PR*3*25~REF*6R*0~AMT*B6*90~LX*4~CLP*79600A130917*1*90*53.16*20*12*P377823700*11*1~NM1*QC*1*BROWN*GAIL****MI*XVH0364M20200~NM1*82*1*RAPEL-KINNEY LCPC*KARIN****BS*24Z099397ME01~DTM*050*20130918~DTM*232*20130905~DTM*233*20130905~SVC*HC:90834*90*53.16~DTM*472*20130905~CAS*PR*3*20~CAS*CO*45*16.84~REF*6R*0~AMT*B6*73.16~LX*5~CLP*80400A130917*1*90*48.16*25*12*P377839200*11*1~NM1*QC*1*DOHERTY*ROSA****MI*XVH0660M49961~NM1*IL*1*DOHERTY*AMY****MI*XVH0660M49961~NM1*82*1*RAPEL-KINNEY LCPC*KARIN****BS*24Z099397ME01~DTM*050*20130918~DTM*232*20130910~DTM*233*20130910~SVC*HC:90834*90*48.16~DTM*472*20130910~CAS*PR*3*25~CAS*CO*45*16.84~REF*6R*0~AMT*B6*73.16~LX*6~CLP*79700A130917*1*90*58.16*15*12*P377839100*11*1~NM1*QC*1*TRAFFORD*MIKAYLA****MI*XVH0488M49251~NM1*IL*1*TRAFFORD*DAVID****MI*XVH0488M49251~NM1*82*1*RAPEL-KINNEY LCPC*KARIN****BS*24Z099397ME01~DTM*050*20130918~DTM*232*20130909~DTM*233*20130909~SVC*HC:90834*90*58.16~DTM*472*20130909~CAS*PR*3*15~CAS*CO*45*16.84~REF*6R*0~AMT*B6*73.16~SE*97*0003~GE*3*154819367~IEA*1*154819367~
