ISA*00*          *00*          *ZZ*330897513      *ZZ*ASSOCIATEDBC   *130924*0148*^*00501*154805795*0*P*:~GS*HP*330897513*ASSOCIATEDBC*20130924*0148*154805795*X*005010X221A1~ST*835*0001~BPR*I*66.72*C*CHK************20130920~TRN*1*0014211869*1411648670~REF*EV*870426777~DTM*405*20130920~N1*PR*CIGNA BEHAVIORAL HEALTH~N3*PO BOX 46270~N4*EDEN PRAIRIE*MN*55344~PER*BL*HP*EM*CLAIMS.INTAKE.APP.SUPPORT@HP.COM~PER*IC**UR*WWW.CIGNAFORHCP.COM~PER*CX*CUSTOMER SERVICE*TE*8009262273~N1*PE*MAUREEN WIESE-WAIBEL LLC*XX*1902991391~N3*800 RARITAN RD~N4*CLARK*NJ*07066~REF*TJ*262135919~LX*1~CLP*83100A130917*1*125*66.72**HM*13260Z2812*11*1~NM1*QC*1*FULLER*KAREN****MI*U01941140~NM1*IL*1*FULLER*JOHN****MI*155547624~NM1*82*1*WIESE-WAIBEL*MAUREEN****FI*119567146~REF*1L*3982249~REF*CE*INTEGRATED W/FTF STC 1-8 (NO W~REF*G1*135028204~DTM*050*20130918~DTM*232*20130910~DTM*233*20130910~PER*CX*CUSTOMER SERVICE*TE*8009262273~AMT*AU*66.72~SVC*HC:99404*125*66.72**1~CAS*CO*45*58.28~REF*6R*0~REF*0K*3982249~AMT*B6*66.72~SE*34*0001~ST*835*0002~BPR*I*55*C*CHK************20130919~TRN*1*257767258*1591031071~REF*EV*870426777~REF*F2*1~DTM*405*20130921~N1*PR*CIGNA HEALTH AND LIFE INSURANCE COMPANY~N3*P. O. BOX 182223~N4*CHATTANOOGA*TN*374227223~PER*BL*HP*EM*CLAIMS.INTAKE.APP.SUPPORT@HP.COM~PER*IC**UR*WWW.CIGNAFORHCP.COM~N1*PE*MAUREEN WIESE-WAIBEL MSW*XX*1902991391~N3*800 RARITAN RD~N4*CLARK*NJ*070661710~REF*TJ*262135919~LX*1~CLP*87700A130917*1*125*55*15*13*8651326198263*11*1~NM1*QC*1*SINGER*JASON*D***MI*U0184931601~NM1*82*1*WIESE-WAIBEL*MAUREEN****FI*262135919~REF*1L*3176426~REF*CE*OPEN ACCESS PLUS~DTM*050*20130918~DTM*232*20130910~DTM*233*20130910~PER*CX*MEMBER SERVICES*TE*8002446224~AMT*AU*70~SVC*HC:90834*125*55**1~CAS*CO*45*55~CAS*PR*3*15~REF*6R*0~AMT*B6*70~SE*32*0002~ST*835*0003~BPR*I*126*C*CHK************20130920~TRN*1*704714311*1411648670~REF*EV*870426777~REF*F2*1~DTM*405*20130921~N1*PR*CIGNA BEHAVIORAL HEALTH INC.~N3*P.O. BOX 182223~N4*CHATTANOOGA*TN*374227223~PER*BL*HP*EM*CLAIMS.INTAKE.APP.SUPPORT@HP.COM~PER*IC**UR*WWW.CIGNAFORHCP.COM~N1*PE*JONATHAN C BEAZLEY LCDC*XX*1619185469~N3*103 MANSFIELD HOLLOW RD~N4*MANSFIELD CTR*CT*062501317~REF*TJ*454403457~LX*1~CLP*95100A130918*1*100*63*5*13*8681326208552*11*1~NM1*QC*1*BATES*CATHARINA ANN****MI*U3036483202~NM1*IL*1*BATES*DOUGLAS A.****MI*U3036483201~NM1*74*1*BATES*CATHARINA****C*U3036483202~NM1*82*1*BEAZLEY LCDC*JONATHAN*C***FI*454403457~REF*1L*3329502~REF*CE*OPEN ACCESS PLUS~DTM*050*20130919~DTM*232*20130912~DTM*233*20130912~PER*CX*MEMBER SERVICES*TE*8002446224~AMT*AU*68~SVC*HC:90834*100*63**1~CAS*CO*45*32~CAS*PR*3*5~REF*6R*0~AMT*B6*68~CLP*94200A130918*1*100*63*5*13*8681326211549*11*1~NM1*QC*1*BATES*CATHARINA ANN****MI*U3036483202~NM1*IL*1*BATES*DOUGLAS A.****MI*U3036483201~NM1*74*1*BATES*CATHARINA****C*U3036483202~NM1*82*1*BEAZLEY LCDC*JONATHAN*C***FI*454403457~REF*1L*3329502~REF*CE*OPEN ACCESS PLUS~DTM*050*20130919~DTM*232*20130905~DTM*233*20130905~PER*CX*MEMBER SERVICES*TE*8002446224~AMT*AU*68~SVC*HC:90834*100*63**1~CAS*CO*45*32~CAS*PR*3*5~REF*6R*0~AMT*B6*68~SE*51*0003~ST*835*0004~BPR*I*216*C*CHK************20130921~TRN*1*715020088*1591031071~REF*EV*562291693~REF*F2*GWFC~DTM*405*20130921~N1*PR*GREATWESTHEALTHCARE-CIGNA~N3*8505 E. ORCHARD RD~N4*GREENWOOD VILLAGE*CO*80111~REF*2U*80705~PER*BL*HP*EM*CLAIMS.INTAKE.APP.SUPPORT@HP.COM~PER*IC**UR*WWW.CIGNAFORHCP.COM~PER*CX*GWHC_EDIPROD*EM*GWHC_EDIPROD@CIGNA.COM*TE*3035665635~N1*PE*DANIEL M. EDELMAN*XX*1891744421~N3*159 BLOOMFIELD AVE*FL 1~N4*VERONA*NJ*070442702~REF*PQ*200004352443~REF*TJ*203009626~LX*0~CLP*752347312*1*450*216*24*13*130597750100*11~NM1*QC*1*ZWEIG*JASON****MI*1013539000~NM1*82*1*EDELMAN*DANIEL****XX*1629041165~REF*1L*00605740~REF*CE*OPEN ACCESS PLUS~DTM*050*20130920~AMT*AU*240~SVC*HC:90834*150*72**1~DTM*472*20130826~CAS*CO*45*70~CAS*PR*2*8~REF*6R*796752347312~AMT*B6*80~SVC*HC:90834*150*72**1~DTM*472*20130909~CAS*CO*45*70~CAS*PR*2*8~REF*6R*797752347312~AMT*B6*80~SVC*HC:90834*150*72**1~DTM*472*20130916~CAS*CO*45*70~CAS*PR*2*8~REF*6R*798752347312~AMT*B6*80~SE*45*0004~GE*4*154805795~IEA*1*154805795~
