ISA*00*          *00*          *ZZ*330897513      *ZZ*ASSOCIATEDBC   *130924*1533*^*00501*154939367*0*P*:~GS*HP*330897513*ASSOCIATEDBC*20130924*1533*154939367*X*005010X221A1~ST*835*0001~BPR*I*73.5*C*CHK************20130924~TRN*1*09822-011782688*1066033492~REF*EV*330897513~DTM*405*20130924~N1*PR*AETNA~N3*151 FARMINGTON AVENUE~N4*HARTFORD*CT*06156~PER*BL*PROVIDER SERVICE~N1*PE*CHATMAN-FINLEY, DEBRA D*XX*1346469632~N3*134 W END AVE FL 2~N4*SOMERVILLE*NJ*088761816~REF*PQ*183005000~REF*TJ*264224733~LX*1~TS3*1346469632*11*20131231*1*150~CLP*95400A130918*1*150*73.5*76.5*13*EX348RBXD0000*11*1~NM1*QC*1*PASKE*TARA~NM1*IL*1*PASKE*MARK****MI*W17941436703~NM1*74*1******C*W179414367~NM1*82*1*CHATMAN-FINLEY*DEBRA*D***XX*1346469632~REF*1L*0307138-010-00005-MA~REF*CE*AETNA CHOICE  POS II~DTM*050*20130919~DTM*232*20130903~DTM*233*20130903~PER*CX**TE*8886323862~AMT*AU*150~SVC*HC:90846*150*73.5**1~DTM*472*20130903~CAS*PR*2*31.5**45*45~AMT*B6*105~LQ*HE*N130~SE*34*0001~GE*1*154939367~IEA*1*154939367~
