ISA*00*          *00*          *ZZ*330897513      *ZZ*ASSOCIATEDBC   *130925*0106*^*00501*154991000*0*P*:~GS*HP*330897513*ASSOCIATEDBC*20130925*0106*154991000*X*005010X221A1~ST*835*0001~BPR*I*54.89*C*ACH*CCP*01*081517693*DA*152302017073*1205296137**01*221272303*DA*3010001018*20130923~TRN*1*885955461*1205296137~REF*EV*1929361~DTM*405*20130920~N1*PR*NOVITAS SOLUTIONS, INC.~N3*PO BOX 3031~N4*MECHANICSBURG*PA*170551803~REF*2U*12402~PER*CX**TE*8772358073~PER*BL*NOVITAS SOLUTIONS, INC. EDI SERVICES*TE*8772358073*EX*1*EM*WEBSITEEDI@NOVITAS_SOLUTIONS.COM~N1*PE*MAUREEN J. HUDAK  CP*XX*1013063346~N3*SUITE 2A*47 RARITAN AVE~N4*HIGHLAND PARK*NJ*089042440~REF*TJ*142460069~LX*1~CLP*156801936A*19*150*54.89*30.16*MB*0813235153710*11~NM1*QC*1*MARIANO*MELISSA****HN*156801936A~NM1*TT*2*HORIZON BCBS OF NEW JERSEY*****PI*00019~MOA***MA01*MA18~DTM*050*20130823~SVC*HC:90834*150*54.89**1~DTM*472*20130809~CAS*CO*45*63.83**223*1.12~CAS*PR*2*14**122*16.16~REF*6R*LX#01~REF*LU*11~AMT*B6*86.17~SE*29*0001~ST*835*0002~BPR*I*288.19*C*ACH*CCP*01*081517693*DA*152302017073*1205296137**01*221271935*DA*023856318*20130923~TRN*1*885952501*1205296137~REF*EV*1929361~DTM*405*20130920~N1*PR*NOVITAS SOLUTIONS, INC.~N3*PO BOX 3031~N4*MECHANICSBURG*PA*170551803~REF*2U*12402~PER*CX**TE*8772358073~PER*BL*NOVITAS SOLUTIONS, INC. EDI SERVICES*TE*8772358073*EX*1*EM*WEBSITEEDI@NOVITAS_SOLUTIONS.COM~N1*PE*NANCY J. SAXTON LOPEZ  CSW*XX*1053490193~N3*SUITE 3C*6 PROSPECT STREET~N4*MIDLAND PARK*NJ*074321634~REF*TJ*096386775~LX*1~CLP*NANCY SAXT0NL*19*125*41.17*22.62*MB*0813235153650*11~NM1*QC*1*BAUER JR*WALTER*J***HN*146286708A~NM1*TT*2*HORIZON BCBS OF NEW JERSEY*****PI*00019~MOA***MA01*MA18~DTM*050*20130823~SVC*HC:90834*125*41.17**1~DTM*472*20130807~CAS*CO*45*60.37**223*0.84~CAS*PR*2*10.5**122*12.12~REF*6R*LX#01~REF*LU*11~AMT*B6*64.63~CLP*NANCY SAXT0NL*19*250*82.34*45.24*MB*0813235153600*11~NM1*QC*1*BOCCHINO*MARIANNE****HN*156327016A~NM1*TT*2*HORIZON BCBS OF NEW JERSEY*****PI*80003~MOA***MA01*MA18~DTM*050*20130823~SVC*HC:90834*125*41.17**1~DTM*472*20130731~CAS*CO*45*60.37**223*0.84~CAS*PR*2*10.5**122*12.12~REF*6R*LX#01~REF*LU*11~AMT*B6*64.63~SVC*HC:90834*125*41.17**1~DTM*472*20130808~CAS*CO*45*60.37**223*0.84~CAS*PR*2*10.5**122*12.12~REF*6R*LX#02~REF*LU*11~AMT*B6*64.63~CLP*0*19*125*41.17*22.62*MB*0813235153610*11~NM1*QC*1*DANIEL*JANE****HN*058402469T~NM1*TT*2*UNITEDHEALTHCARE*****PI*00082~MOA***MA01*MA27*MA18~DTM*050*20130823~SVC*HC:90834*125*41.17**1~DTM*472*20130808~CAS*CO*45*60.37**223*0.84~CAS*PR*2*10.5**122*12.12~REF*6R*LX#01~REF*LU*11~AMT*B6*64.63~CLP*075404819 T*19*125*41.17*22.62*MB*0813235153620*11~NM1*QC*1*HEMPHILL*PATRICIA****HN*075404819T~NM1*TT*2*UNITEDHEALTH GROUP*****PI*30002~MOA***MA01*MA18~DTM*050*20130823~SVC*HC:90834*125*41.17**1~DTM*472*20130807~CAS*CO*45*60.37**223*0.84~CAS*PR*2*10.5**122*12.12~REF*6R*LX#01~REF*LU*11~AMT*B6*64.63~CLP*NANCY SAXT0NL*1*125*41.17*22.62*MB*0813235153570*11~NM1*QC*1*LAURITANO*AMY****HN*141844679A~MOA***MA01~DTM*050*20130823~SVC*HC:90834*125*41.17**1~DTM*472*20130729~CAS*CO*45*60.37**223*0.84~CAS*PR*2*10.5**122*12.12~REF*6R*LX#01~REF*LU*11~AMT*B6*64.63~CLP*NANCY SAXT0NL*19*125*41.17*22.62*MB*0813235153580*11~NM1*QC*1*LAURITANO*BETSY****HN*147344697A~NM1*TT*2*HORIZON BCBS OF NEW JERSEY*****PI*30013~MOA***MA01*MA18~DTM*050*20130823~SVC*HC:90834*125*41.17**1~DTM*472*20130803~CAS*CO*45*60.37**223*0.84~CAS*PR*2*10.5**122*12.12~REF*6R*LX#01~REF*LU*11~AMT*B6*64.63~SE*95*0002~ST*835*0003~BPR*I*603.83*C*ACH*CCP*01*081517693*DA*152302017073*1205296137**01*021200025*DA*2000031302801*20130923~TRN*1*885955462*1205296137~REF*EV*1929361~DTM*405*20130920~N1*PR*NOVITAS SOLUTIONS, INC.~N3*PO BOX 3031~N4*MECHANICSBURG*PA*170551803~REF*2U*12402~PER*CX**TE*8772358073~PER*BL*NOVITAS SOLUTIONS, INC. EDI SERVICES*TE*8772358073*EX*1*EM*WEBSITEEDI@NOVITAS_SOLUTIONS.COM~N1*PE*DAVID SIEGMAN  CP*XX*1306926589~N3*STE 140*47 RARITAN AVE~N4*HIGHLAND PARK*NJ*089042440~REF*TJ*300450564~LX*1~CLP*145242174A*19*360*109.78*60.32*MB*0813235153590*11~NM1*QC*1*FISHER*JEWEL****HN*145242174A~NM1*TT*2*HORIZON BCBS OF NEW JERSEY*****PI*00019~MOA***MA01*MA18~DTM*050*20130823~AMT*I*0.01~SVC*HC:90834*180*54.89**1~DTM*472*20130805~CAS*CO*45*93.83**223*1.12~CAS*PR*2*14**122*16.16~REF*6R*LX#01~REF*LU*11~AMT*B6*86.17~SVC*HC:90834*180*54.89**1~DTM*472*20130813~CAS*CO*45*93.83**223*1.12~CAS*PR*2*14**122*16.16~REF*6R*LX#02~REF*LU*11~AMT*B6*86.17~CLP*135363133 A*19*720*219.56*120.64*MB*0813235153530*11~NM1*QC*1*GALLOF*CAROLE*S***HN*135363133A~NM1*TT*2*AMERICAN CONTINENTAL INSU.*****PI*30074~MOA***MA01*MA18~DTM*050*20130823~AMT*I*0.01~SVC*HC:90834*180*54.89**1~DTM*472*20130805~CAS*CO*45*93.83**223*1.12~CAS*PR*2*14**122*16.16~REF*6R*LX#01~REF*LU*11~AMT*B6*86.17~SVC*HC:90834*180*54.89**1~DTM*472*20130809~CAS*CO*45*93.83**223*1.12~CAS*PR*2*14**122*16.16~REF*6R*LX#02~REF*LU*11~AMT*B6*86.17~SVC*HC:90834*180*54.89**1~DTM*472*20130812~CAS*CO*45*93.83**223*1.12~CAS*PR*2*14**122*16.16~REF*6R*LX#03~REF*LU*11~AMT*B6*86.17~SVC*HC:90834*180*54.89**1~DTM*472*20130814~CAS*CO*45*93.83**223*1.12~CAS*PR*2*14**122*16.16~REF*6R*LX#04~REF*LU*11~AMT*B6*86.17~CLP*DAVID S1EGMAN*19*360*109.78*60.32*MB*0813235153540*11~NM1*QC*1*GOLDSCHMIDT*HARVEY****HN*102385971T~NM1*TT*2*HORIZON BCBS OF NEW JERSEY*****PI*00019~MOA***MA01*MA18*N89~DTM*050*20130823~AMT*I*0.01~SVC*HC:90834*180*54.89**1~DTM*472*20130805~CAS*CO*45*93.83**223*1.12~CAS*PR*2*14**122*16.16~REF*6R*LX#01~REF*LU*11~AMT*B6*86.17~SVC*HC:90834*180*54.89**1~DTM*472*20130814~CAS*CO*45*93.83**223*1.12~CAS*PR*2*14**122*16.16~REF*6R*LX#02~REF*LU*11~AMT*B6*86.17~CLP*155344826 A*19*360*109.78*60.32*MB*0813235153550*11~NM1*QC*1*HENRY*LYNNE****HN*155344826A~NM1*TT*2*UNITEDHEALTHCARE*****PI*00082~MOA***MA01*MA18~DTM*050*20130823~AMT*I*0.01~SVC*HC:90834*180*54.89**1~DTM*472*20130802~CAS*CO*45*93.83**223*1.12~CAS*PR*2*14**122*16.16~REF*6R*LX#01~REF*LU*11~AMT*B6*86.17~SVC*HC:90834*180*54.89**1~DTM*472*20130809~CAS*CO*45*93.83**223*1.12~CAS*PR*2*14**122*16.16~REF*6R*LX#02~REF*LU*11~AMT*B6*86.17~CLP*143527616 A*19*180*54.89*30.16*MB*0813235153560*11~NM1*QC*1*MINDELL*STEPHEN****HN*143527616A~NM1*TT*2*UNITEDHEALTH GROUP*****PI*30002~MOA***MA01*MA18~DTM*050*20130823~SVC*HC:90834*180*54.89**1~DTM*472*20130812~CAS*CO*45*93.83**223*1.12~CAS*PR*2*14**122*16.16~REF*6R*LX#01~REF*LU*11~AMT*B6*86.17~PLB*1306926589*20131231*L6*-.04~SE*124*0003~ST*835*0004~BPR*I*2271.12*C*ACH*CCP*01*011900571*DA*0053724*1061274678*MEDICAID1*01*021101108*DA*1010125763185*20130924~TRN*1*01190057021101108  005939858*1061274678*MEDICAID1~DTM*405*20130920~N1*PR*CT DSS MMIS CONTRACT ADMINISTRATOR~N3*25 SIGOURNEY ST~N4*HARTFORD*CT*53570~REF*EO*752548221~PER*CX*HP PROVIDER ASSISTANCE CENTER*TE*8008428440~PER*BL*EDI HELP DESK*TE*8006880503~N1*PE*SHUPTAR                  TRINA        L*XX*1891844023~N3*6 WHIPPOORWILL LANE~N4*BROOKFIELD*CT*06804~REF*PQ*104100000X,068041302~REF*TJ*303663637~LX*1~CLP*002904649*1*375*189.26**MC*1013255300960*11~NM1*QC*1*BA*W****MR*002904649~NM1*74*1*BAUMGART*WILLIAM~DTM*050*20130917~DTM*232*20130820~DTM*233*20130829~SVC*HC:90837:AJ*187.5*94.63**1~DTM*472*20130820~CAS*CO*172*92.87~AMT*B6*94.63~SVC*HC:90837:AJ*187.5*94.63**1~DTM*472*20130829~CAS*CO*172*92.87~AMT*B6*94.63~CLP*002862620*1*187.5*94.63**MC*1013255300970*11~NM1*QC*1*HE*C****MR*002862620~NM1*74*1*HEFFERMEHL*CARL~DTM*050*20130917~DTM*232*20130823~DTM*233*20130823~SVC*HC:90837:AJ*187.5*94.63**1~DTM*472*20130823~CAS*CO*172*92.87~AMT*B6*94.63~CLP*002862616*1*187.5*94.63**MC*1013255300980*11~NM1*QC*1*HE*G****MR*002862616~NM1*74*1*HEFFERMEHL*GLEN~DTM*050*20130917~DTM*232*20130830~DTM*233*20130830~SVC*HC:90837:AJ*187.5*94.63**1~DTM*472*20130830~CAS*CO*172*92.87~AMT*B6*94.63~CLP*002862621*1*187.5*94.63**MC*1013255301000*11~NM1*QC*1*HE*G****MR*002862621~NM1*74*1*HEFFERMEHL*GLEN~DTM*050*20130917~DTM*232*20130822~DTM*233*20130822~SVC*HC:90837:AJ*187.5*94.63**1~DTM*472*20130822~CAS*CO*172*92.87~AMT*B6*94.63~CLP*0*1*187.5*94.63**MC*1013255301010*11~NM1*QC*1*HE*C****MR*003373386~NM1*74*1*HEIBLER*COLLEN~DTM*050*20130917~DTM*232*20130822~DTM*233*20130822~SVC*HC:90837:AJ*187.5*94.63**1~DTM*472*20130822~CAS*CO*172*92.87~AMT*B6*94.63~CLP*003375662*1*187.5*94.63**MC*1013255301020*11~NM1*QC*1*LE*A****MR*003375662~NM1*74*1*LEDOUX*AUGUST~DTM*050*20130917~DTM*232*20130821~DTM*233*20130821~SVC*HC:90837:AJ*187.5*94.63**1~DTM*472*20130821~CAS*CO*172*92.87~AMT*B6*94.63~CLP*003229497*1*375*189.26**MC*1013255301030*11~NM1*QC*1*LE*J****MR*003229497~NM1*74*1*LEDOUX*JENNA~DTM*050*20130917~DTM*232*20130821~DTM*233*20130828~SVC*HC:90837:AJ*187.5*94.63**1~DTM*472*20130821~CAS*CO*172*92.87~AMT*B6*94.63~SVC*HC:90837:AJ*187.5*94.63**1~DTM*472*20130828~CAS*CO*172*92.87~AMT*B6*94.63~CLP*002935255*1*187.5*94.63**MC*1013255301040*11~NM1*QC*1*MA*M****MR*002935255~NM1*74*1*MARENO*MCKENZIE~DTM*050*20130917~DTM*232*20130829~DTM*233*20130829~SVC*HC:90837:AJ*187.5*94.63**1~DTM*472*20130829~CAS*CO*172*92.87~AMT*B6*94.63~CLP*002862617*1*375*189.26**MC*1013255301100*11~NM1*QC*1*HE*A****MR*002862617~NM1*74*1*HEFFERMEHL*AUDREY~DTM*050*20130917~DTM*232*20130819~DTM*233*20130828~SVC*HC:90837:AJ*187.5*94.63**1~DTM*472*20130819~CAS*CO*172*92.87~AMT*B6*94.63~SVC*HC:90837:AJ*187.5*94.63**1~DTM*472*20130828~CAS*CO*172*92.87~AMT*B6*94.63~CLP*003358934*1*187.5*94.63**MC*1013255301110*11~NM1*QC*1*MA*N****MR*003358934~NM1*74*1*MARENO*NICKOLAS~DTM*050*20130917~DTM*232*20130821~DTM*233*20130821~SVC*HC:90837:AJ*187.5*94.63**1~DTM*472*20130821~CAS*CO*172*92.87~AMT*B6*94.63~CLP*003534314*1*187.5*94.63**MC*1013255301120*11~NM1*QC*1*OC*R****MR*003534314~NM1*74*1*OCONNOR*ROSEMARY~DTM*050*20130917~DTM*232*20130822~DTM*233*20130822~SVC*HC:90837:AJ*187.5*94.63**1~DTM*472*20130822~CAS*CO*172*92.87~AMT*B6*94.63~CLP*002748092*1*187.5*94.63**MC*1013255301130*11~NM1*QC*1*PR*D****MR*002748092~NM1*74*1*PROSSER*DEAN~DTM*050*20130917~DTM*232*20130828~DTM*233*20130828~SVC*HC:90837:AJ*187.5*94.63**1~DTM*472*20130828~CAS*CO*172*92.87~AMT*B6*94.63~CLP*002712475*1*187.5*94.63**MC*1013255301140*11~NM1*QC*1*PR*Z****MR*002712475~NM1*74*1*PROSSER*ZACHARY~DTM*050*20130917~DTM*232*20130822~DTM*233*20130822~SVC*HC:90837:AJ*187.5*94.63**1~DTM*472*20130822~CAS*CO*172*92.87~AMT*B6*94.63~CLP*002414192*1*187.5*94.63**MC*1013255301150*11~NM1*QC*1*RA*A****MR*002414192~NM1*74*1*RAJCOK*ASHLEY~DTM*050*20130917~DTM*232*20130827~DTM*233*20130827~SVC*HC:90837:AJ*187.5*94.63**1~DTM*472*20130827~CAS*CO*172*92.87~AMT*B6*94.63~CLP*002179677*1*187.5*94.63**MC*1013255301160*11~NM1*QC*1*WA*A****MR*002179677~NM1*74*1*WASSONG*AIMEE~DTM*050*20130917~DTM*232*20130820~DTM*233*20130820~SVC*HC:90837:AJ*187.5*94.63**1~DTM*472*20130820~CAS*CO*172*92.87~AMT*B6*94.63~CLP*003307870*1*187.5*94.63**MC*1013255301170*11~NM1*QC*1*WA*S****MR*003307870~NM1*74*1*WASSONG*SEVEN~DTM*050*20130917~DTM*232*20130827~DTM*233*20130827~SVC*HC:90837:AJ*187.5*94.63**1~DTM*472*20130827~CAS*CO*172*92.87~AMT*B6*94.63~CLP*0*1*375*189.26**MC*2213253606528*11~NM1*QC*1*VELEZ*CARMEN****MR*003882662~DTM*050*20130910~DTM*232*20130819~DTM*233*20130828~SVC*HC:90837:AJ*187.5*94.63**1~DTM*472*20130819~CAS*CO*172*92.87~AMT*B6*94.63~SVC*HC:90837:AJ*187.5*94.63**1~DTM*472*20130828~CAS*CO*172*92.87~AMT*B6*94.63~CLP*0*1*375*189.26**MC*2213253606780*11~NM1*QC*1*VELEZ-SCUDERI*SERENA****MR*003882663~DTM*050*20130910~DTM*232*20130820~DTM*233*20130827~SVC*HC:90837:AJ*187.5*94.63**1~DTM*472*20130820~CAS*CO*172*92.87~AMT*B6*94.63~SVC*HC:90837:AJ*187.5*94.63**1~DTM*472*20130827~CAS*CO*172*92.87~AMT*B6*94.63~CLP*0*1*187.5*94.63**MC*2213253606967*11~NM1*QC*1*VELEZ-SCUDERI*JENNIFER****MR*003882664~DTM*050*20130910~DTM*232*20130829~DTM*233*20130829~SVC*HC:90837:AJ*187.5*94.63**1~DTM*472*20130829~CAS*CO*172*92.87~AMT*B6*94.63~SE*224*0004~ST*835*0005~BPR*I*113.4*C*ACH*CCP*01*093702139*DA*0601849573*1591031071**01*011200608*DA*191410030420*20130925~TRN*1*130921090000729*1591031071~REF*EV*870426777~REF*F2*1~DTM*405*20130922~N1*PR*CIGNA HEALTH AND LIFE INSURANCE COMPANY~N3*P.O. BOX 182223~N4*CHATTANOOGA*TN*374227223~PER*BL*HP*EM*CLAIMS.INTAKE.APP.SUPPORT@HP.COM~PER*IC**UR*WWW.CIGNAFORHCP.COM~N1*PE*KARIN D RAPEL KINNEY MSW*XX*1063567766~N3*191 VALLEY RD~N4*RAYMOND*ME*040716163~REF*TJ*141784965~LX*1~CLP*81000A130917*1*90*50.4*12.6*13*9431326196023*11*1~NM1*QC*1*BLAISDELL*KATHLEEN*M***MI*U4196536201~NM1*82*1*RAPEL KINNEY*KARIN*D***FI*141784965~REF*1L*2498647~REF*CE*OPEN ACCESS PLUS~DTM*050*20130918~DTM*232*20130910~DTM*233*20130910~PER*CX*MEMBER SERVICES*TE*8002446224~AMT*AU*63~SVC*HC:90834*90*50.4**1~CAS*CO*45*27~CAS*PR*2*12.6~REF*6R*0~AMT*B6*63~CLP*80200A130917*1*90*63**13*8431326196174*11*1~NM1*QC*1*ALBERT*KAREN****MI*U4198771101~NM1*82*1*RAPEL KINNEY*KARIN*D***FI*141784965~REF*1L*2498647~REF*CE*OPEN ACCESS PLUS~DTM*050*20130918~DTM*232*20130910~DTM*233*20130910~PER*CX*MEMBER SERVICES*TE*8002446224~AMT*AU*63~SVC*HC:90834*90*63**1~CAS*CO*45*27~REF*6R*0~AMT*B6*63~SE*46*0005~GE*5*154991000~IEA*1*154991000~
