ISA*00*          *00*          *ZZ*330897513      *ZZ*ASSOCIATEDBC   *130925*0813*U*00401*155029140*0*P*:~GS*HP*330897513*ASSOCIATEDBC*20130925*0813*155029140*X*004010X091A1~ST*835*0001~BPR*H*0*C*NON************20130924~TRN*1*030923Z006268*1942649097*000087726~DTM*405*20130924~N1*PR*UNITED HEALTHCARE INSURANCE COMPANY*XV*87726~N3*P.O. BOX 1459-ROUTE MN010-S155~N4*MINNEAPOLIS*MN*554401459~REF*2U*87726~PER*CX*UNITED HEALTHCARE SERVICES, IN*TE*8778423210~N1*PE*CYNTHIA MARY BRATMAN, PSY*XX*1184788275~N3*20 NASSAU ST STE 209~N4*PRINCETON*NJ*085424509~REF*TJ*200286572~LX*1~CLP*0*1*875*0*875*16*NYC8019968800~NM1*QC*1*LICHTENSTEIN*KAREN****MI*96659747200~NM1*74*1******C*966597472~REF*1L*40550~REF*CE*AARP MEDICARECOMPLETE PLAN 1~DTM*036*20130630~DTM*050*20130906~DTM*232*20130625~DTM*233*20130730~SVC*HC:90834*175*0**1~DTM*472*20130625~CAS*PR*15*175~AMT*B6*175~SVC*HC:90834*175*0**1~DTM*472*20130703~CAS*PR*15*175~AMT*B6*175~SVC*HC:90834*175*0**1~DTM*472*20130710~CAS*PR*15*175~AMT*B6*175~SVC*HC:90834*175*0**1~DTM*472*20130722~CAS*PR*15*175~AMT*B6*175~SVC*HC:90834*175*0**1~DTM*472*20130730~CAS*PR*27*175~AMT*B6*175~SE*44*0001~ST*835*0002~BPR*I*143*C*CHK************20130919~TRN*1*103142*1942649097*000087726~DTM*405*20130921~N1*PR*UNITED HEALTHCARE INSURANCE COMPANY*XV*87726~N3*P.O. BOX 30602~N4*SALT LAKE CITY*UT*84130~REF*2U*87726~REF*EO*1805600001~N1*PE*JAMES P. GULLA*XX*1922200658~N3*13 HOLLOW OAK DR~N4*SANDOWN*NH*038732113~REF*TJ*028425801~LX*1~CLP*749525972*1*125*46*15*15*13X345046300*11~NM1*QC*1*KFOURY*ANGELA****MI*HP2530482~NM1*74*1*KHOURY*ANGELA*F***C*HP2530482~REF*1L*HI027192~REF*CE*FS 307 NH MSW~REF*SY*016680892~DTM*050*20130913~AMT*AU*61~SVC*HC:90834*125*46**1~DTM*472*20130911~CAS*PR*3*15~CAS*CO*45*64~REF*6R*507749525972~AMT*B6*61~CLP*749525982*1*125*56*5*15*13X345383600*11~NM1*QC*1*OTOOLE*ELIZABETH****MI*HP155918200~NM1*74*1*OTOOLE*ELIZABETH****C*HP1559182~REF*1L*HI062798~REF*CE*FS 307 NH MSW~REF*SY*154607520~DTM*050*20130913~AMT*AU*61~SVC*HC:90834*125*56**1~DTM*472*20130909~CAS*PR*3*5~CAS*CO*45*64~REF*6R*520749525982~AMT*B6*61~CLP*749525961*1*125*41*20*15*13X345686000*11~NM1*QC*1*CORRENTI*ANDONINO****MI*HPP61602602~NM1*IL*1*CORRENTI*JOSEPH****MI*HPP61602601~NM1*74*1*CORRENTI*JOSEPH*A***C*HPP616026~REF*1L*HI096116~REF*BB*UBH~REF*CE*FS 307 NH MSW~REF*SY*015484206~DTM*050*20130913~AMT*AU*61~SVC*HC:90834*125*41**1~DTM*472*20130909~CAS*PR*3*20~CAS*CO*45*64~REF*6R*495749525961~AMT*B6*61~SE*59*0002~ST*835*0003~BPR*H*0*C*NON************20130920~TRN*1*QK31546590*1411289245*000087726~REF*EV*303663637~DTM*405*20130920~N1*PR*UNITED HEALTHCARE INSURANCE COMPANY*XV*87726~N3*EMPIRE MHSA SERVICE CENTER*PO BOX 5190~N4*KINGSTON*NY*124025190~REF*2U*87726~PER*CX*EMPIRE MHSA SERVICE CENTER*TE*8777697447~N1*PE*TRINA L SHUPTAR*FI*303663637~N3*6 WHIPPOORWILL LN~N4*BROOKFIELD*CT*068040000~LX*1~TS3*303663637*11*20131231*1*125~CLP*890719044*1*125*0**12*9099503876 0285102961*11~NM1*QC*1*JAKAJ*ZOE~NM1*IL*1*JAKAJ*JOHN****MI*890719044~REF*1L*715116~REF*CE*OPT PPO~DTM*050*20130912~DTM*232*20130520~SVC*HC:90834*125*0**1~DTM*472*20130520~CAS*CO*226*125~REF*6R*001~LQ*HE*N102~SE*28*0003~ST*835*0004~BPR*I*180*C*CHK************20130924~TRN*1*PG08192056*1411289245*000087726~DTM*405*20130924~N1*PR*UNITED HEALTHCARE INSURANCE COMPANY*XV*87726~N3*GREENSBORO SERVICE CENTER*P.O. BOX 740800~N4*ATLANTA*GA*303740800~REF*2U*87726~PER*CX*GREENSBORO SERVICE CENTER*TE*8778423210~N1*PE*GREGORY CONSULTATION CENTER*XX*1740362268~N3*10 VISTA TER~N4*LIVINGSTON*NJ*070390000~REF*TJ*222690143~LX*1~TS3*1740362268*11*20131231*2*750~CLP*751919655*1*375*135*45*13*4276165646 0008487014*11~NM1*QC*1*MERANUS*LEONARD~NM1*IL*1*MERANUS*BARBARA****MI*818260015~NM1*74*1*MERANUS*BARBARA*R~REF*1L*708742~REF*CE*CHOYC+~DTM*050*20130919~DTM*232*20130903~DTM*233*20130917~AMT*AU*375~SVC*HC:90834*125*45**1~DTM*472*20130903~CAS*CO*45*65~CAS*PR*3*15~REF*6R*481751919655~AMT*B6*60~SVC*HC:90834*125*45**1~DTM*472*20130911~CAS*CO*45*65~CAS*PR*3*15~REF*6R*483751919655~AMT*B6*60~SVC*HC:90834*125*45**1~DTM*472*20130917~CAS*CO*45*65~CAS*PR*3*15~REF*6R*485751919655~AMT*B6*60~CLP*751919652*1*375*45*15*13*4276165647 0008487018*11~NM1*QC*1*MERANUS*BARBARA~NM1*IL*1*MERANUS*BARBARA****MI*818260015~NM1*74*1*MERANUS*BARBARA*R~REF*1L*708742~REF*CE*CHOYC+~DTM*050*20130919~DTM*232*20130807~DTM*233*20130905~AMT*AU*125~SVC*HC:90834*125*0**1~DTM*472*20130807~CAS*OA*18*125~REF*6R*477751919652~SVC*HC:90834*125*0**1~DTM*472*20130829~CAS*OA*18*125~REF*6R*478751919652~SVC*HC:90834*125*45**1~DTM*472*20130905~CAS*CO*45*65~CAS*PR*3*15~REF*6R*480751919652~AMT*B6*60~SE*68*0004~ST*835*0005~BPR*I*138.18*C*CHK************20130924~TRN*1*PG40643550*1411289245*000087726~DTM*405*20130924~N1*PR*UNITED HEALTHCARE INSURANCE COMPANY*XV*87726~N3*P O BOX 740800~N4*ATLANTA*GA*303740800~REF*2U*87726~PER*CX*SPRINGFIELD SERVICE CENTER*TE*8778423210~N1*PE*DONNA L MELNICK*XX*1326112780~N3*405 OMNI DR~N4*HILLSBOROUGH*NJ*088440000~REF*TJ*204745931~LX*1~TS3*1326112780*11*20131231*3*450~CLP*977131378*1*150*63.25*20*14*4271555817 0009075813*11~NM1*QC*1*BAEZ*HELEN~NM1*IL*1*BAEZ*EUGENE****MI*977131378~REF*1L*729803~REF*CE*CHOYC~DTM*050*20130916~DTM*232*20130822~AMT*AU*150~SVC*HC:90834*150*63.25**1~DTM*472*20130822~CAS*CO*45*66.75~CAS*PR*3*20~REF*6R*001~AMT*B6*83.25~CLP*0*1*150*74.93*8.32*13*4271555814 0063732433*11~NM1*QC*1*RICHARDS*HELOISA*A~NM1*IL*1*RICHARDS II*ROBERT*D***MI*003740600~NM1*74*1*RICHARDS*ROBERT*D~REF*1L*215825~REF*CE*CHOYC+~DTM*050*20130916~DTM*232*20130822~AMT*AU*150~SVC*HC:90834*150*74.93**1~DTM*472*20130822~CAS*CO*45*66.75~CAS*PR*2*8.32~REF*6R*001~AMT*B6*83.25~CLP*0*1*150*0*83.75*13*4279831020 0059721640*11~NM1*QC*1*VARONA*RICARDO~NM1*IL*1*VARONA*RICARDO****MI*838262923~REF*1L*712603~REF*CE*CHOYC+~DTM*050*20130920~DTM*232*20130601~AMT*AU*150~SVC*HC:90847*150*0**1~DTM*472*20130601~CAS*CO*45*66.25~CAS*PR*1*83.75~REF*6R*001~AMT*B6*83.75~SE*59*0005~ST*835*0006~BPR*I*212.28*C*CHK************20130924~TRN*1*PG40643632*1411289245*000087726~DTM*405*20130924~N1*PR*UNITED HEALTHCARE INSURANCE COMPANY*XV*87726~N3*GREENSBORO SERVICE CENTER*P O BOX 740800~N4*ATLANTA*GA*303740800~REF*2U*87726~PER*CX*GREENSBORO SERVICE CENTER*TE*8778423210~N1*PE*DANIEL MARK EDELMAN PSY D PC*XX*1891744421~N3*13 EAGLE TER~N4*WEST ORANGE*NJ*070520000~REF*TJ*203009626~LX*1~TS3*1891744421*11*20131231*1*450~CLP*752347304*1*450*212.28*37.47*13*4277673679 0016180133*11~NM1*QC*1*SLAFF*JEFFREY~NM1*IL*1*ELKIN*ANDREA****MI*915078665~NM1*82*1*EDELMAN*DANIEL*M***XX*1629041165~REF*1L*136572~REF*CE*CHOYC+~DTM*050*20130920~DTM*232*20130827~DTM*233*20130910~AMT*AU*450~SVC*HC:90834*150*70.76**1~DTM*472*20130827~CAS*CO*45*66.75~CAS*PR*2*12.49~REF*6R*778752347304~AMT*B6*83.25~SVC*HC:90834*150*70.76**1~DTM*472*20130903~CAS*CO*45*66.75~CAS*PR*2*12.49~REF*6R*779752347304~AMT*B6*83.25~SVC*HC:90834*150*70.76**1~DTM*472*20130910~CAS*CO*45*66.75~CAS*PR*2*12.49~REF*6R*780752347304~AMT*B6*83.25~SE*44*0006~ST*835*0007~BPR*I*162*C*CHK************20130924~TRN*1*PH41362897*1411289245*000087726~DTM*405*20130924~N1*PR*UNITED HEALTHCARE INSURANCE COMPANY*XV*87726~N3*SPRINGFIELD SERVICE CENTER*P.O. BOX 740800~N4*ATLANTA*GA*303740800~REF*2U*87726~PER*CX*SPRINGFIELD SERVICE CENTER*TE*8778423210~N1*PE*GREGORY CONSULTATION CENTER*XX*1740362268~N3*10 VISTA TER~N4*LIVINGSTON*NJ*070390000~REF*TJ*222690143~LX*1~TS3*1740362268*11*20131231*1*625~CLP*751919624*1*625*162*18*13*4276165648 0051046611*11~NM1*QC*1*EISENSTEIN*ALAN~NM1*IL*1*EISENSTEIN*ALAN****MI*917029252~NM1*74*1*EISENSTEIN*ALAN*A~REF*1L*704203~REF*CE*CHOYC+~DTM*050*20130919~DTM*232*20130805~DTM*233*20130913~AMT*AU*375~SVC*HC:90834*125*0**1~DTM*472*20130805~CAS*OA*18*125~REF*6R*401751919624~SVC*HC:90834*125*0**1~DTM*472*20130826~CAS*OA*18*125~REF*6R*402751919624~SVC*HC:90834*125*54**1~DTM*472*20130903~CAS*CO*45*65~CAS*PR*2*6~REF*6R*403751919624~AMT*B6*60~SVC*HC:90834*125*54**1~DTM*472*20130910~CAS*CO*45*65~CAS*PR*2*6~REF*6R*404751919624~AMT*B6*60~SVC*HC:90834*125*54**1~DTM*472*20130913~CAS*CO*45*65~CAS*PR*2*6~REF*6R*405751919624~AMT*B6*60~SE*52*0007~ST*835*0008~BPR*I*68.25*C*CHK************20130924~TRN*1*PH75663378*1411289245*000087726~DTM*405*20130924~N1*PR*UNITED HEALTHCARE INSURANCE COMPANY*XV*87726~N3*BUFFALO SERVICE CENTER*PO BOX 740809~N4*ATLANTA*GA*303740809~REF*2U*87726~PER*CX*BUFFALO SERVICE CENTER*TE*8778423210~N1*PE*DANIEL MARK EDELMAN PSY D PC*XX*1891744421~N3*13 EAGLE TER~N4*WEST ORANGE*NJ*070520000~REF*TJ*203009626~LX*1~TS3*1891744421*11*20131231*2*450~CLP*752347301*1*300*0*166.5*13*4277673680 0010275037*11~NM1*QC*1*SALFINO*CATHERINE*S~NM1*IL*1*SALFINO*MICHAEL*J***MI*952295971~NM1*82*1*EDELMAN*DANIEL*M***XX*1629041165~REF*1L*752713~REF*CE*CHOYC+~DTM*050*20130920~DTM*232*20130826~DTM*233*20130909~AMT*AU*300~SVC*HC:90834*150*0**1~DTM*472*20130826~CAS*CO*45*66.75~CAS*PR*1*83.25~REF*6R*771752347301~AMT*B6*83.25~SVC*HC:90834*150*0**1~DTM*472*20130909~CAS*CO*45*66.75~CAS*PR*1*83.25~REF*6R*772752347301~AMT*B6*83.25~CLP*752347275*1*150*68.25*15*13*4277673678 0007042619*11~NM1*QC*1*ELLSON*HANNAH~NM1*IL*1*ELLSON*JEFFREY****MI*849512199~NM1*74*1*FEELEY*JEFFREY*S~NM1*82*1*EDELMAN*DANIEL*M***XX*1629041165~REF*1L*203922~REF*CE*CHOYC+~DTM*050*20130920~DTM*232*20130903~AMT*AU*150~SVC*HC:90834*150*68.25**1~DTM*472*20130903~CAS*CO*45*66.75~CAS*PR*3*15~REF*6R*721752347275~AMT*B6*83.25~SE*54*0008~ST*835*0009~BPR*I*260.18*C*CHK************20130924~TRN*1*PH75663401*1411289245*000087726~DTM*405*20130924~N1*PR*UNITED HEALTHCARE INSURANCE COMPANY*XV*87726~N3*P O BOX 740800~N4*ATLANTA*GA*303740800~REF*2U*87726~PER*CX*BUFFALO SERVICE CENTER*TE*8778423210~N1*PE*DONNA L MELNICK*XX*1326112780~N3*405 OMNI DR~N4*HILLSBOROUGH*NJ*088440000~REF*TJ*204745931~LX*1~TS3*1326112780*11*20131231*4*600~CLP*0*1*150*63.25*20*13*4271555815 0085698097*11~NM1*QC*1*ROSS*CARYN~NM1*IL*1*ROSS*SCOTT****MI*834340738~REF*1L*183644~REF*CE*CHOYC+~DTM*050*20130916~DTM*232*20130822~AMT*AU*150~SVC*HC:90834*150*63.25**1~DTM*472*20130822~CAS*CO*45*66.75~CAS*PR*3*20~REF*6R*001~AMT*B6*83.25~CLP*873078410*1*150*74.93*8.32*13*4271555816 0020490701*11~NM1*QC*1*DANDY*MELISSA~NM1*IL*1*DANDY*MELISSA****MI*873078410~NM1*74*1*DANDY*MELISSA*L~REF*1L*704110~REF*CE*CHOYC+~DTM*050*20130916~DTM*232*20130819~AMT*AU*150~SVC*HC:90834*150*74.93**1~DTM*472*20130819~CAS*CO*45*66.75~CAS*PR*2*8.32~REF*6R*001~AMT*B6*83.25~CLP*930816189*1*150*58.75*25*13*4271555813 0007203444*11~NM1*QC*1*MURRAY*JEANNETTE~NM1*IL*1*MURRAY*JEANNETTE****MI*930816189~NM1*74*1*MURRAY*JEANETTE*R~REF*1L*751992~REF*CE*CHOYC+~DTM*050*20130916~DTM*232*20130819~AMT*AU*150~SVC*HC:90847*150*58.75**1~DTM*472*20130819~CAS*CO*45*66.25~CAS*PR*3*25~REF*6R*001~AMT*B6*83.75~CLP*811441984*1*150*63.25*20*13*4271555857 0004214274*11~NM1*QC*1*FORBUS*TJUNNA~NM1*IL*1*FORBES*QUINCY****MI*811441984~NM1*74*1*FORBUS*QUINCY*E~REF*1L*742527~REF*CE*CHOYC+~DTM*050*20130916~DTM*232*20130814~AMT*AU*150~SVC*HC:90834*150*63.25**1~DTM*472*20130814~CAS*CO*45*66.75~CAS*PR*3*20~REF*6R*001~AMT*B6*83.25~SE*75*0009~ST*835*0010~BPR*I*52.22*C*CHK************20130924~TRN*1*PH75664341*1411289245*000087726~DTM*405*20130924~N1*PR*UNITED HEALTHCARE INSURANCE COMPANY*XV*87726~N3*GREENSBORO SERVICE CENTER*P O BOX 740800~N4*ATLANTA*GA*303740800~REF*2U*87726~PER*CX*GREENSBORO SERVICE CENTER*TE*8006388010~N1*PE*DANIEL MARK EDELMAN PSY D PC*XX*1891744421~N3*13 EAGLE TER~N4*WEST ORANGE*NJ*070520000~REF*TJ*203009626~LX*1~TS3*1891744421*11*20131231*1*150~CLP*748111794*1*150*52.22*13.05*12*4264730506 0085812899*11~NM1*QC*1*CAMPBELL*JOHN~NM1*IL*1*CAMPBELL*ELAINE****MI*960547054~NM1*74*1*CAMPBELL*ELAINE*T~NM1*82*1*PERRIS*JOANNE****XX*1780831834~REF*1L*183644~REF*CE*OPT PPO~DTM*050*20130910~DTM*232*20130828~AMT*AU*65.27~SVC*HC:90834*150*52.22**1~DTM*472*20130828~CAS*CO*45*84.73~CAS*PR*2*13.05~REF*6R*488748111794~AMT*B6*65.27~SE*32*0010~ST*835*0011~BPR*I*116.5*C*CHK************20130923~TRN*1*PH87318850*1411289245*000087726~DTM*405*20130923~N1*PR*UNITED HEALTHCARE INSURANCE COMPANY*XV*87726~N3*P O BOX 740800~N4*ATLANTA*GA*303740800~REF*2U*87726~PER*CX*BUFFALO SERVICE CENTER*TE*8778423210~N1*PE*ABISOLA H GALLAGHER HOBSON*XX*1073537163~N3*659 EAGLE ROCK AVE~N4*WEST ORANGE*NJ*070520000~REF*TJ*335422233~LX*1~TS3*1073537163*11*20131231*2*300~CLP*750654632*1*150*53.25*30*13*4272996133 0017363541*11~NM1*QC*1*ALVES*SYLVIA~NM1*IL*1*ALVES*SYLVIA****MI*852018443~REF*1L*199637~REF*CE*SEL+POS~DTM*050*20130917~DTM*232*20130905~AMT*AU*150~SVC*HC:90834*150*53.25**1~DTM*472*20130905~CAS*CO*45*66.75~CAS*PR*3*30~REF*6R*162750654632~AMT*B6*83.25~CLP*750654633*1*150*63.25*20*13*4272996134 0004226886*11~NM1*QC*1*DULKO*ROBYN MARY~NM1*IL*1*DULKO*ROBERT****MI*936507125~NM1*74*1*DULKO*ROBERT*L~REF*1L*742527~REF*CE*CHOYC+~DTM*050*20130917~DTM*232*20130904~AMT*AU*150~SVC*HC:90834*150*63.25**1~DTM*472*20130904~CAS*CO*45*66.75~CAS*PR*3*20~REF*6R*163750654633~AMT*B6*83.25~SE*45*0011~ST*835*0012~BPR*H*0*C*NON************20130923~TRN*1*QK91442592*1411289245*000087726~DTM*405*20130923~N1*PR*UNITED HEALTHCARE INSURANCE COMPANY*XV*87726~N3*GREENSBORO SERVICE CENTER*P O BOX 740800~N4*ATLANTA*GA*303740800~REF*2U*87726~PER*CX*GREENSBORO SERVICE CENTER*TE*8778423210~N1*PE*CYNTHIA MARY BRATMAN*XX*1184788275~N3*20 NASSAU ST STE 209~N4*PRINCETON*NJ*085420000~REF*TJ*200286572~LX*1~TS3*1184788275*11*20131231*2*700~CLP*1701719228*1*525*0*525*13*4277978319 0092057855*11~NM1*QC*1*WHITNEY*MADELINE~NM1*IL*1*WHITNEY*GENA****MI*531605480~NM1*74*1*WHITNEY*GENA*S***C*837260568~REF*1L*196484~REF*CE*CHOYC+~DTM*050*20130920~DTM*232*20130709~DTM*233*20130722~AMT*AU*495~SVC*HC:90834*175*0**1~DTM*472*20130709~CAS*PR*100*165**45*10~REF*6R*001~AMT*B6*165~SVC*HC:90834*175*0**1~DTM*472*20130716~CAS*PR*100*165**45*10~REF*6R*002~AMT*B6*165~SVC*HC:90834*175*0**1~DTM*472*20130722~CAS*PR*100*165**45*10~REF*6R*003~AMT*B6*165~CLP*1301713456*1*175*0*175*13*4268290722 0007514834*11~NM1*QC*1*JOINER*CASSANDRA~NM1*IL*1*JOINER*CAROLYN****MI*092609855~NM1*74*1******C*872507060~REF*1L*702457~REF*CE*CHOYC+~DTM*050*20130912~DTM*232*20130909~AMT*AU*175~SVC*HC:90834*175*0**1~DTM*472*20130909~CAS*PR*100*122.5**2*52.5~REF*6R*001~AMT*B6*175~SE*55*0012~GE*12*155029140~IEA*1*155029140~
