ISA*00*          *00*          *ZZ*330897513      *ZZ*ASSOCIATEDBC   *130926*0429*^*00501*155194369*0*P*:~GS*HP*330897513*ASSOCIATEDBC*20130926*0429*155194369*X*005010X221A1~ST*835*0001~BPR*I*98.8*C*ACH*CCP*01*011900445*DA*0000009046*1066033492**01*011200608*DA*191410030420*20131001~TRN*1*813268470003549*1066033492~REF*EV*330897513~DTM*405*20130926~N1*PR*AETNA~N3*151 FARMINGTON AVENUE~N4*HARTFORD*CT*06156~PER*BL*PROVIDER SERVICE~N1*PE*RAPEL-KINNEY, KARIN*XX*1063567766~N3*191 VALLEY RD~N4*RAYMOND*ME*040716163~REF*PQ*841648100~REF*TJ*141784965~LX*1~TS3*1063567766*11*20131231*4*360~CLP*79500A130917*1*90*26*25*13*ELPA88NGD0000*11*1~NM1*QC*1*AUSTIN*WILLIAM****MI*W192506840~NM1*82*1*RAPEL KINNEY*KARIN*D***XX*1063567766~REF*1L*0842802-017-00111- A~REF*CE*AETNA CHOICE  POS II NET 02401~DTM*050*20130918~DTM*232*20130905~DTM*233*20130905~PER*CX**TE*8886323862~AMT*AU*90~SVC*HC:90834*90*26**1~DTM*472*20130905~CAS*CO*45*39~CAS*PR*3*25~AMT*B6*51~CLP*79800A130917*1*90*40.8*10.2*13*ELYZ89N4J0000*11*1~NM1*QC*1*MOON*ROBERT****MI*W177162120~NM1*74*1**JOLINE*M~NM1*82*1*RAPEL KINNEY*KARIN*D***XX*1063567766~REF*1L*0724655-050-00001-MD~DTM*050*20130918~DTM*232*20130909~DTM*233*20130909~PER*CX**TE*8886323862~AMT*AU*90~SVC*HC:90834*90*40.8**1~DTM*472*20130909~CAS*CO*45*39~CAS*PR*2*10.2~AMT*B6*51~CLP*80900A130917*1*90*6*45*13*EM3489W5F0000*11*1~NM1*QC*1*LONG*SYLVIE****MI*W189300506~NM1*82*1*RAPEL KINNEY*KARIN*D***XX*1063567766~REF*1L*0818960-040-00001-AC~DTM*050*20130918~DTM*232*20130912~DTM*233*20130912~PER*CX**TE*8886323862~AMT*AU*90~SVC*HC:90834*90*6**1~DTM*472*20130912~CAS*CO*45*39~CAS*PR*3*45~AMT*B6*51~CLP*81100A130917*1*90*26*25*13*ENYZ9BYJ90000*11*1~NM1*QC*1*MILLETT*KIMBERLY****MI*W192685858~NM1*82*1*RAPEL KINNEY*KARIN*D***XX*1063567766~REF*1L*0842802-010-00111- A~REF*CE*AETNA CHOICE  POS II NET 02401~DTM*050*20130923~DTM*232*20130912~DTM*233*20130912~PER*CX**TE*8886323862~AMT*AU*90~SVC*HC:90834*90*26**1~DTM*472*20130912~CAS*CO*45*39~CAS*PR*3*25~REF*6R*05181100A130917~AMT*B6*51~SE*77*0001~GE*1*155194369~IEA*1*155194369~
