ISA*00*          *00*          *ZZ*330897513      *ZZ*ASSOCIATEDBC   *130926*0738*U*00401*155211169*0*P*:~GS*HP*330897513*ASSOCIATEDBC*20130926*0738*155211169*X*004010X091A1~ST*835*0001~BPR*I*113.1*C*CHK************20130925~TRN*1*1151483040*1362739571*000036273~DTM*405*20130925~N1*PR*UNITED HEALTH CARE*XV*36273~N3*PO BOX 740819~N4*ATLANTA*GA*303740819~PER*CX*CUSTOMER SERVICE*TE*8002277789~N1*PE*WIESE WAIBEL        MAUREEN*XX*1902991391~N3*800 RARITAN RD~N4*CLARK*NJ*070661710~REF*TJ*262135919~LX*1~TS3*1902991391*11*20131231*1*125~CLP*26900A130819*2*125*22.62**15*324912242641*11*1~NM1*QC*1*TORRE*JOSEPH*J***MI*39934996211~DTM*050*20130906~DTM*232*20130801~AMT*AU*64.63~SVC*HC:90834*125*22.62**0~DTM*472*20130801~CAS*CO*23*102.38~REF*6R*0~AMT*B6*64.63~LX*2~TS3*1902991391*11*20131231*1*125~CLP*27900A130819*2*125*22.62**15*324912242651*11*1~NM1*QC*1*FILIK*LINDAMARI****MI*39932703611~NM1*74*1**LINDAMARIE*J~DTM*050*20130906~DTM*232*20130805~AMT*AU*64.63~SVC*HC:90834*125*22.62**0~DTM*472*20130805~CAS*CO*23*102.38~REF*6R*0~AMT*B6*64.63~LX*3~TS3*1902991391*11*20131231*1*125~CLP*37200A130820*2*125*22.62**15*325202148771*11*1~NM1*QC*1*TORRE*JOSEPH*J***MI*39934996211~DTM*050*20130909~DTM*232*20130815~AMT*AU*64.63~SVC*HC:90834*125*22.62**0~DTM*472*20130815~CAS*CO*23*102.38~REF*6R*0~AMT*B6*64.63~LX*4~TS3*1902991391*11*20131231*1*125~CLP*35900A130820*2*125*22.62**15*325202148781*11*1~NM1*QC*1*CORDLE*MADELINE****MI*02852199812~DTM*050*20130909~DTM*232*20130814~AMT*AU*64.63~SVC*HC:90834*125*22.62**0~DTM*472*20130814~CAS*CO*23*102.38~REF*6R*0~AMT*B6*64.63~LX*5~TS3*1902991391*11*20131231*1*125~CLP*152249968A*2*125*22.62**15*325402140881*11*1~NM1*QC*1*FETICS*MARY*F***MI*08549116712~DTM*050*20130911~DTM*232*20130730~AMT*AU*64.63~SVC*HC:90834*125*22.62**0~DTM*472*20130730~CAS*CO*23*102.38~REF*6R*LX#01~AMT*B6*64.63~SE*74*0001~GE*1*155211169~IEA*1*155211169~
