ISA*00*          *00*          *ZZ*330897513      *ZZ*ASSOCIATEDBC   *130927*0649*U*00401*155385834*0*P*:~GS*HP*330897513*ASSOCIATEDBC*20130927*0649*155385834*X*004010X091A1~ST*835*0001~BPR*I*40*C*CHK************20130925~TRN*1*PG40656865*1411289245*000087726~DTM*405*20130925~N1*PR*UNITED HEALTHCARE INSURANCE COMPANY*XV*87726~N3*GREENSBORO SERVICE CENTER*P.O. BOX 30551~N4*SALT LAKE CITY*UT*841300551~REF*2U*87726~PER*CX*GREENSBORO SERVICE CENTER*TE*8778423210~N1*PE*MAUREEN WIESE WAIBEL LLC*XX*1902991391~N3*800 RARITAN RD~N4*CLARK*NJ*070660000~REF*TJ*262135919~LX*1~TS3*1902991391*11*20131231*2*250~CLP*85700A130917*1*125*20*40*13*4274742206 0039513631*11~NM1*QC*1*BERKOWITZ*DAVID~NM1*IL*1*BERKOWITZ*DAVID****MI*861165032~NM1*74*1*BERKOWITZ*DAVID*K~REF*1L*194422~REF*CE*CHOYC+~DTM*050*20130918~DTM*232*20130906~AMT*AU*125~SVC*HC:90834*125*20**1~DTM*472*20130906~CAS*CO*45*65~CAS*PR*3*40~REF*6R*0~AMT*B6*60~CLP*87800A130917*1*125*20*40*13*4274742207 0039513632*11~NM1*QC*1*BERKOWITZ*DAVID~NM1*IL*1*BERKOWITZ*DAVID****MI*861165032~NM1*74*1*BERKOWITZ*DAVID*K~REF*1L*194422~REF*CE*CHOYC+~DTM*050*20130918~DTM*232*20130911~AMT*AU*125~SVC*HC:90834*125*20**1~DTM*472*20130911~CAS*CO*45*65~CAS*PR*3*40~REF*6R*0~AMT*B6*60~SE*46*0001~ST*835*0002~BPR*I*80*C*CHK************20130925~TRN*1*PH75669475*1411289245*000087726~DTM*405*20130925~N1*PR*UNITED HEALTHCARE INSURANCE COMPANY*XV*87726~N3*P O BOX 740800~N4*ATLANTA*GA*303740800~REF*2U*87726~PER*CX*GREENSBORO SERVICE CENTER*TE*8778423210~N1*PE*MAUREEN WIESE WAIBEL LLC*XX*1902991391~N3*800 RARITAN RD~N4*CLARK*NJ*070660000~REF*TJ*262135919~LX*1~TS3*1902991391*11*20131231*4*500~CLP*84500A130917*1*125*40*20*14*4274742204 0057329652*11~NM1*QC*1*WYSOCKI*CHRISTOPHER~NM1*IL*1*WYSOCKI*CHRISTOPHER****MI*839316250~REF*1L*230093~REF*CE*CHOYC~DTM*050*20130918~DTM*232*20130904~AMT*AU*125~SVC*HC:90834*125*40**1~DTM*472*20130904~CAS*CO*45*65~CAS*PR*3*20~REF*6R*0~AMT*B6*60~CLP*86200A130917*1*125*40*20*14*4274742205 0057329653*11~NM1*QC*1*WYSOCKI*CHRISTOPHER~NM1*IL*1*WYSOCKI*CHRISTOPHER****MI*839316250~REF*1L*230093~REF*CE*CHOYC~DTM*050*20130918~DTM*232*20130909~AMT*AU*125~SVC*HC:90834*125*40**1~DTM*472*20130909~CAS*CO*45*65~CAS*PR*3*20~REF*6R*0~AMT*B6*60~CLP*89000A130917*1*125*0*125*13*4274742203 0057333241*11~NM1*QC*1*MENDEZ*ERIKA~NM1*IL*1*MENDEZ*NORMA****MI*816157884~NM1*74*1*MARTINEZ*NORMA*I~REF*1L*228594~REF*CE*CHOYC+~DTM*050*20130918~DTM*232*20130913~SVC*HC:90834*125*0**1~DTM*472*20130913~CAS*PR*227*125~REF*6R*0~LQ*HE*N479~CLP*939608220*1*125*0**12*4269632069 0015650107*11~NM1*QC*1*SMITH*DENISE~NM1*IL*1*SMITH*MICHAEL****MI*939608220~NM1*74*1*SMITH*MICHAEL*E~REF*1L*710918~REF*CE*OPT PPO~DTM*050*20130911~DTM*232*20130802~SVC*HC:90834*125*0**1~DTM*472*20130802~CAS*OA*18*125~REF*6R*001~SE*69*0002~GE*2*155385834~IEA*1*155385834~
