ISA*00*          *00*          *ZZ*330897513      *ZZ*ASSOCIATEDBC   *130926*1824*^*00501*155332301*0*P*:~GS*HP*330897513*ASSOCIATEDBC*20130926*1824*155332301*X*005010X221A1~ST*835*0001~BPR*I*82.06*C*CHK************20130921~TRN*1*20130921147011730EPRA15911841*1910499247*N~REF*EV*PB5~DTM*405*20130921~N1*PR*PREMERA BLUE CROSS~N3*PO BOX 327*MS 357~N4*SEATTLE*WA*98111~PER*CX*EDI TEAM*EM*EDI@PREMERA.COM*TE*8004352715~PER*BL*EDI TEAM*EM*EDI@PREMERA.COM*TE*8004352715~N1*PE*KATHI L. JACKSON*XX*1144266438~N3*2731 WETMORE AVE*STE 240~N4*EVERETT*WA*982013581~REF*TJ*447585592~LX*0~CLP*750694062*1*150*82.06*15*12*827406050100*11*1~NM1*QC*1*HALBERSTADT*ALICE*J~NM1*IL*1*HALBERSTADT*RICHARD****MI*600564509~NM1*74*1***J~REF*1L*8000314~REF*CE*FOUNDATION NETWORK~DTM*050*20130917~AMT*AU*97.06~SVC*HC:90834*150*82.06**1~DTM*472*20130911~CAS*PR*3*15~CAS*CO*45*52.94~REF*6R*265750694062~AMT*B6*97.06~SE*30*0001~GE*1*155332301~IEA*1*155332301~
