ISA*00*          *00*          *ZZ*330897513      *ZZ*ASSOCIATEDBC   *130927*1014*^*00501*155417830*0*P*:~GS*HP*330897513*ASSOCIATEDBC*20130927*1014*155417830*X*005010X221A1~ST*835*0001~BPR*H*0*C*NON************20130925~TRN*1*358993113*1205296137~REF*EV*1929361~DTM*405*20130924~N1*PR*NOVITAS SOLUTIONS, INC.~N3*PO BOX 3031~N4*MECHANICSBURG*PA*170551803~REF*2U*12402~PER*CX**TE*8772358073~PER*BL*NOVITAS SOLUTIONS, INC. EDI SERVICES*TE*8772358073*EX*1*EM*WEBSITEEDI@NOVITAS_SOLUTIONS.COM~N1*PE*MAUREEN J. HUDAK  CP*XX*1013063346~N3*SUITE 2A*47 RARITAN AVE~N4*HIGHLAND PARK*NJ*089042440~REF*TJ*142460069~LX*1~CLP*136647622A*2*300*0**MB*0713246003640*11~NM1*QC*1*PETIT*BERNADETT****HN*136647622A~MOA***MA01~DTM*050*20130903~SVC*HC:90834*150*0**0**1~DTM*472*20130424~CAS*OA*18*150**23*82.5**23*-82.5~REF*6R*LX#01~REF*LU*11~LQ*HE*N522~SVC*HC:90834*150*0**0**1~DTM*472*20130429~CAS*OA*18*150**23*82.5**23*-82.5~REF*6R*LX#02~REF*LU*11~LQ*HE*N522~SE*33*0001~GE*1*155417830~IEA*1*155417830~
