ISA*00*          *00*          *ZZ*330897513      *ZZ*ASSOCIATEDBC   *130927*1108*U*00401*155426314*0*P*:~GS*HP*330897513*ASSOCIATEDBC*20130927*1108*155426314*X*004010X091A1~ST*835*0001~BPR*I*219.2*C*ACH*CCP*01*031100225*DA*2079950064280/*1220999690**01*021200025*DA*2000030280694*20130920~TRN*1*0004257532*1220999690*8352013092614290966~REF*EV*1598809212~DTM*405*20130920~N1*PR*HORIZON BCBSNJ~N3*PAYOR ADDRESS 1~N4*NEWARK*NJ*071010420~REF*2U*22099~N1*PE*W BENTON PHD*XX*1598809212~N3*PO BOX 3524~N4*UNION*NJ*070831896~REF*PQ*2083116130~REF*TJ*208311613~LX*1~CLP*750711634*1*180*85.5*9.5*13*780261326170110   00**1~NM1*QC*1*BARNES*ALISA****MI*NJX3HZN29576030~NM1*IL*1*KING*STEVEN****MI*3HZN295760300~NM1*74*1*KING*STEVEN*A***C*3HZN295760300~NM1*82*2*W  BENTON PHD*****XX*1598809212~DTM*050*20130918~DTM*232*20130905~DTM*233*20130905~PER*CX*NJ DIRECT*TE*8006241110~AMT*AU*95~AMT*T2*85.5~SVC*HC:99199*180*85.5**1*HC:90791~DTM*472*20130905~CAS*PR*2*9.5~CAS*CO*45*85~REF*6R*477750711634~REF*HPI*1598809212~AMT*B6*95~CLP*NJX3HZN295760*1*175*65.7*7.3*13*780261326186170   00**1~NM1*QC*1*KING*STEVEN****MI*3HZN295760300~NM1*74*1*KING*STEVEN*A***C*NJX3HZN29576030~NM1*82*2*W  BENTON PHD*****XX*1598809212~DTM*050*20130918~DTM*232*20130904~DTM*233*20130904~PER*CX*NJ DIRECT*TE*8006241110~AMT*AU*73~AMT*T2*65.7~SVC*HC:90847*175*65.7**1~DTM*472*20130904~CAS*PR*2*7.3~CAS*CO*45*102~REF*6R*484NJX3HZN295760~REF*HPI*1598809212~AMT*B6*73~CLP*750711635*1*175*23*50*13*780261326170111   00**1~NM1*QC*1*BLADZINSKI*KAREN****MI*YHO3HZN45596920~NM1*82*2*W  BENTON PHD*****XX*1598809212~DTM*050*20130918~DTM*232*20130906~DTM*233*20130906~PER*CX*HORIZON BLUE CROSS BLUE SHIELD OF NEW JERSEY DIRECT ACCESS*TE*8006241110~AMT*AU*73~AMT*T2*23~SVC*HC:90847*175*23**1~DTM*472*20130906~CAS*PR*3*50~CAS*CO*45*102~REF*6R*478750711635~REF*HPI*1598809212~AMT*B6*73~CLP*750711646*1*180*45*50*13*780261326184577   00**1~NM1*QC*1*NARRA*JYOTHI****MI*YKR3HZN13803380~NM1*82*2*W  BENTON PHD*****XX*1598809212~DTM*050*20130918~DTM*232*20130905~DTM*233*20130905~PER*CX*HORIZON BLUE CROSS BLUE SHIELD OF NEW JERSEY DIRECT ACCESS*TE*8006241110~AMT*AU*95~AMT*T2*45~SVC*HC:99199*180*45**1*HC:90791~DTM*472*20130905~CAS*PR*3*50~CAS*CO*45*85~REF*6R*489750711646~REF*HPI*1598809212~AMT*B6*95~SE*83*0001~ST*835*0002~BPR*I*157*C*ACH*CCP*01*031100225*DA*2079950064280/*1220999690**01*231372691*DA*0181143836*20130920~TRN*1*0004261468*1220999690*8352013092614280836~REF*EV*1902991391~DTM*405*20130920~N1*PR*HORIZON BCBSNJ~N3*PAYOR ADDRESS 1~N4*NEWARK*NJ*071010420~REF*2U*22099~N1*PE*M M WIESE WAIBEL LCSW*XX*1902991391~N3*800 RARITAN RD~N4*CLARK*NJ*070661710~REF*PQ*2621359190~REF*TJ*262135919~LX*1~CLP*85900A130917*1*125*54*15*12*780261326274490   00**1~NM1*QC*1*DUFFY*JULIE****MI*3HZN563169500~NM1*74*1*DUFFY*JULIE*A***C*YHB3HZN56316950~NM1*82*2*M M WIESE WAIBEL LCSW*****XX*1902991391~DTM*050*20130919~DTM*232*20130906~DTM*233*20130906~PER*CX*NATIONAL ACCOUNTS SERVICED IN MT.LAUREL*TE*8006244758~AMT*AU*69~AMT*T2*54~SVC*HC:99199*125*54**1*HC:90834~DTM*472*20130906~CAS*PR*3*15~CAS*CO*45*56~REF*6R*0~REF*HPI*1902991391~AMT*B6*69~CLP*86700A130917*1*125*54*15*12*780261326274820   00**1~NM1*QC*1*GREFFER*CHANTAL****MI*3HZN143458400~NM1*74*1*GREFFER*CHANTAL*M***C*YHB3HZN14345840~NM1*82*2*M M WIESE WAIBEL LCSW*****XX*1902991391~DTM*050*20130919~DTM*232*20130909~DTM*233*20130909~PER*CX*NATIONAL ACCOUNTS SERVICED IN MT.LAUREL*TE*8006244758~AMT*AU*69~AMT*T2*54~SVC*HC:99199*125*54**1*HC:90834~DTM*472*20130909~CAS*PR*3*15~CAS*CO*45*56~REF*6R*0~REF*HPI*1902991391~AMT*B6*69~CLP*85100A130917*1*125*49*20*12*780281326203631   00**1~NM1*QC*1*GWALDIS*LISA****MI*HBX3HZN28656930~NM1*82*2*M M WIESE WAIBEL LCSW*****XX*1902991391~DTM*050*20130919~DTM*232*20130905~DTM*233*20130905~PER*CX*NATIONAL ACCOUNTS SERVICED IN MT.LAUREL*TE*8006244758~AMT*AU*69~AMT*T2*49~SVC*HC:99199*125*49**1*HC:90834~DTM*472*20130905~CAS*PR*3*20~CAS*CO*45*56~REF*6R*0~REF*HPI*1902991391~AMT*B6*69~SE*66*0002~ST*835*0003~BPR*I*371.3*C*ACH*CCP*01*031100225*DA*2079950064280/*1220999690**01*021200025*DA*2000030280694*20130924~TRN*1*0004271902*1220999690*8352013092504270969~REF*EV*1598809212~DTM*405*20130924~N1*PR*HORIZON BCBSNJ~N3*PAYOR ADDRESS 1~N4*NEWARK*NJ*071010420~REF*2U*22099~N1*PE*W BENTON PHD*XX*1598809212~N3*PO BOX 3524~N4*UNION*NJ*070831896~REF*PQ*2083116130~REF*TJ*208311613~LX*1~CLP*751861617*1*160*65.7*7.3*13*780261326387445   00**1~NM1*QC*1*BARNES*ALISA****MI*NJX3HZN29576030~NM1*IL*1*KING*STEVEN****MI*3HZN295760300~NM1*74*1*KING*STEVEN*A***C*3HZN295760300~NM1*82*2*W  BENTON PHD*****XX*1598809212~DTM*050*20130920~DTM*232*20130912~DTM*233*20130912~PER*CX*NJ DIRECT*TE*8006241110~AMT*AU*73~AMT*T2*65.7~SVC*HC:99199*160*65.7**1*HC:90834~DTM*472*20130912~CAS*PR*2*7.3~CAS*CO*45*87~REF*6R*966751861617~REF*HPI*1598809212~AMT*B6*73~CLP*751861622*1*175*65.7*7.3*13*780261326388675   00**1~NM1*QC*1*FERLAZZO*FRANK****MI*NJX3HZN80752510~NM1*82*2*W  BENTON PHD*****XX*1598809212~DTM*050*20130920~DTM*232*20130911~DTM*233*20130911~PER*CX*NJ DIRECT*TE*8006241110~AMT*AU*73~AMT*T2*65.7~SVC*HC:90847*175*65.7**1~DTM*472*20130911~CAS*PR*2*7.3~CAS*CO*45*102~REF*6R*980751861622~REF*HPI*1598809212~AMT*B6*73~CLP*751861625*1*180*85.5*9.5*13*780261326387996   00**1~NM1*QC*1*FREEMAN-WRIGHT*CARRIE****MI*3HZN215325200~NM1*74*1*FREEMAN WRIGHT*CARRIE*I***C*NJX3HZN21532520~NM1*82*2*W  BENTON PHD*****XX*1598809212~DTM*050*20130920~DTM*232*20130911~DTM*233*20130911~PER*CX*NJ DIRECT*TE*8006241110~AMT*AU*95~AMT*T2*85.5~SVC*HC:99199*180*85.5**1*HC:90791~DTM*472*20130911~CAS*PR*2*9.5~CAS*CO*45*85~REF*6R*985751861625~REF*HPI*1598809212~AMT*B6*95~CLP*751861627*1*160*65.7*7.3*13*780261326387441   00**1~NM1*QC*1*JACKSON*SHEILA****MI*NJX3HZN74236740~NM1*82*2*W  BENTON PHD*****XX*1598809212~DTM*050*20130920~DTM*232*20130911~DTM*233*20130911~PER*CX*NJ DIRECT*TE*8006241110~AMT*AU*73~AMT*T2*65.7~SVC*HC:99199*160*65.7**1*HC:90834~DTM*472*20130911~CAS*PR*2*7.3~CAS*CO*45*87~REF*6R*990751861627~REF*HPI*1598809212~AMT*B6*73~CLP*NJX3HZN295760*1*175*65.7*7.3*13*780261326388666   00**1~NM1*QC*1*KING*STEVEN****MI*3HZN295760300~NM1*74*1*KING*STEVEN*A***C*NJX3HZN29576030~NM1*82*2*W  BENTON PHD*****XX*1598809212~DTM*050*20130920~DTM*232*20130911~DTM*233*20130911~PER*CX*NJ DIRECT*TE*8006241110~AMT*AU*73~AMT*T2*65.7~SVC*HC:90847*175*65.7**1~DTM*472*20130911~CAS*PR*2*7.3~CAS*CO*45*102~REF*6R*013NJX3HZN295760~REF*HPI*1598809212~AMT*B6*73~CLP*751861618*1*175*23*50*13*780261326388673   00**1~NM1*QC*1*BLADZINSKI*KAREN****MI*YHO3HZN45596920~NM1*82*2*W  BENTON PHD*****XX*1598809212~DTM*050*20130920~DTM*232*20130913~DTM*233*20130913~PER*CX*HORIZON BLUE CROSS BLUE SHIELD OF NEW JERSEY DIRECT ACCESS*TE*8006241110~AMT*AU*73~AMT*T2*23~SVC*HC:90847*175*23**1~DTM*472*20130913~CAS*PR*3*50~CAS*CO*45*102~REF*6R*969751861618~REF*HPI*1598809212~AMT*B6*73~SE*116*0003~ST*835*0004~BPR*I*203.19*C*ACH*CCP*01*031100225*DA*2079950064280/*1220999690**01*231372691*DA*0181143836*20130924~TRN*1*0004275940*1220999690*8352013092504260842~REF*EV*1902991391~DTM*405*20130924~N1*PR*HORIZON BCBSNJ~N3*PAYOR ADDRESS 1~N4*NEWARK*NJ*071010420~REF*2U*22099~N1*PE*M M WIESE WAIBEL LCSW*XX*1902991391~N3*800 RARITAN RD~N4*CLARK*NJ*070661710~REF*PQ*2621359190~REF*TJ*262135919~LX*1~CLP*98100A130918*1*250*38*40*12*780261326378094   00**1~NM1*QC*1*COSBY*SHANNON****MI*RHF171A78603~NM1*82*2*M M WIESE WAIBEL LCSW*****XX*1902991391~DTM*050*20130920~DTM*232*20130903~DTM*233*20130903~AMT*AU*78~AMT*T2*38~SVC*HC:99199*250*38**1*HC:90791~DTM*472*20130903~CAS*PR*3*40~CAS*CO*45*172~REF*6R*0~REF*HPI*1902991391~AMT*B6*78~CLP*88400A130917*1*125*44*25*12*780261326274823   00**1~NM1*QC*1*KOVATCH*LISA****MI*ROQ5052733500~NM1*82*2*M M WIESE WAIBEL LCSW*****XX*1902991391~DTM*050*20130919~DTM*232*20130911~DTM*233*20130911~AMT*AU*69~AMT*T2*44~SVC*HC:99199*125*44**1*HC:90834~DTM*472*20130911~CAS*PR*3*25~CAS*CO*45*56~REF*6R*0~REF*HPI*1902991391~AMT*B6*69~CLP*88300A130917*1*125*49*20*12*780281326204471   00**1~NM1*QC*1*PRIBUSH*KATHLEEN****MI*DZVAN4492387~NM1*IL*1*PRIBUSH*JEFF****MI*DZVAN4492387~NM1*82*2*M M WIESE WAIBEL LCSW*****XX*1902991391~DTM*050*20130919~DTM*232*20130911~DTM*233*20130911~AMT*AU*69~AMT*T2*49~SVC*HC:99199*125*49**1*HC:90834~DTM*472*20130911~CAS*PR*3*20~CAS*CO*45*56~REF*6R*0~REF*HPI*1902991391~AMT*B6*69~CLP*83700A130917*1*125*49*20*12*780281326204990   00**1~NM1*QC*1*RABADEAU*KATHLEEN****MI*DZVAN4490966~NM1*82*2*M M WIESE WAIBEL LCSW*****XX*1902991391~DTM*050*20130919~DTM*232*20130903~DTM*233*20130903~AMT*AU*69~AMT*T2*49~SVC*HC:99199*125*49**1*HC:90834~DTM*472*20130903~CAS*PR*3*20~CAS*CO*45*56~REF*6R*0~REF*HPI*1902991391~AMT*B6*69~CLP*56100A130830*2*125*12.62*10*13*780261326473184   00**1~NM1*QC*1*COSQUER*DOLORES****MI*3HZN22671350~NM1*82*2*M M WIESE WAIBEL LCSW*****XX*1902991391~DTM*050*20130921~DTM*232*20130821~DTM*233*20130821~PER*CX*NJ DIRECT*TE*8006241110~AMT*AU*63.79~AMT*T2*12.62~SVC*HC:99199*125*12.62**1*HC:90834~DTM*472*20130821~CAS*PR*3*10~CAS*OA*23*102.38~REF*6R*36056100A130830~REF*HPI*1902991391~AMT*B6*63.79~CLP*55000A130830*2*125*10.57*10*13*780261326485718   00**1~NM1*QC*1*COSQUER*DOLORES****MI*3HZN22671350~NM1*82*2*M M WIESE WAIBEL LCSW*****XX*1902991391~DTM*050*20130921~DTM*232*20130820~DTM*233*20130820~PER*CX*NJ DIRECT*TE*8006241110~AMT*AU*58.03~AMT*T2*10.57~SVC*HC:90846*125*10.57**1~DTM*472*20130820~CAS*PR*3*10~CAS*OA*23*104.43~REF*6R*35955000A130830~REF*HPI*1902991391~AMT*B6*58.03~SE*109*0004~ST*835*0005~BPR*I*236*C*ACH*CCP*01*031100225*DA*2079950064280/*1220999690**01*021200025*DA*2000030280694*20130925~TRN*1*0004279318*1220999690*8352013092603500988~REF*EV*1598809212~DTM*405*20130925~N1*PR*HORIZON BCBSNJ~N3*PAYOR ADDRESS 1~N4*NEWARK*NJ*071010420~REF*2U*22099~N1*PE*W BENTON PHD*XX*1598809212~N3*PO BOX 3524~N4*UNION*NJ*070831896~REF*PQ*2083116130~REF*TJ*208311613~LX*1~CLP*751861629*1*180*95**12*780271326302469   00**1~NM1*QC*1*KUMAR*SANTHOSH****MI*HTJ846299291~NM1*82*2*W  BENTON PHD*****XX*1598809212~DTM*050*20130920~DTM*232*20130912~DTM*233*20130912~AMT*AU*95~AMT*T2*95~SVC*HC:99199*180*95**1*HC:90791~DTM*472*20130912~CAS*CO*45*85~REF*6R*016751861629~REF*HPI*1598809212~AMT*B6*95~CLP*750711636*1*160*68*5*13*780261326186173   00**1~NM1*QC*1*CANNON*DEBORAH****MI*3HZN567844900~NM1*74*1*CANNON*DEBORAH*R***C*YHP3HZN56784490~NM1*82*2*W  BENTON PHD*****XX*1598809212~DTM*050*20130918~DTM*232*20130904~DTM*233*20130904~PER*CX*HORIZON BLUE CROSS BLUE SHIELD OF NEW JERSEY DIRECT ACCESS*TE*8006241110~AMT*AU*73~AMT*T2*68~SVC*HC:99199*160*68**1*HC:90834~DTM*472*20130904~CAS*PR*3*5~CAS*CO*45*87~REF*6R*479750711636~REF*HPI*1598809212~AMT*B6*73~CLP*750711645*1*175*73**13*780261326181816   00**1~NM1*QC*1*MORALES*LISETTE****MI*YHP3HZN09724850~NM1*IL*1*MORALES*ANGEL****MI*3HZN097248500~NM1*82*2*W  BENTON PHD*****XX*1598809212~DTM*050*20130918~DTM*232*20130905~DTM*233*20130905~PER*CX*HORIZON BLUE CROSS BLUE SHIELD OF NEW JERSEY DIRECT ACCESS*TE*8006241110~AMT*AU*73~AMT*T2*73~SVC*HC:90847*175*73**1~DTM*472*20130905~CAS*CO*45*102~REF*6R*488750711645~REF*HPI*1598809212~AMT*B6*73~SE*63*0005~ST*835*0006~BPR*I*197.1*C*ACH*CCP*01*031100225*DA*2079950064280/*1220999690**01*021200339*DA*009446669199*20130925~TRN*1*0004277996*1220999690*8352013092604071940~REF*EV*1033218813~DTM*405*20130925~N1*PR*HORIZON BCBSNJ~N3*PAYOR ADDRESS 1~N4*NEWARK*NJ*071010420~REF*2U*22099~N1*PE*R T ARENA PHD*XX*1033218813~N3*49 MARKET ST~N4*SADDLE BROOK*NJ*076634849~REF*PQ*0533279390~REF*TJ*053327939~LX*1~CLP*752404983*1*150*65.7*7.3*13*780261326609351   00**1~NM1*QC*1*CANO*JULIA****MI*NJX3HZN32530770~NM1*IL*1*CANO*ANDRE****MI*3HZN325307701~NM1*82*2*R T ARENA PHD*****XX*1033218813~DTM*050*20130923~DTM*232*20130916~DTM*233*20130916~PER*CX*NJ DIRECT*TE*8006241110~AMT*AU*73~AMT*T2*65.7~SVC*HC:99199*150*65.7**1*HC:90834~DTM*472*20130916~CAS*PR*2*7.3~CAS*CO*45*77~REF*6R*587752404983~REF*HPI*1033218813~AMT*B6*73~CLP*752404986*1*300*131.4*14.6*13*780261326608529   00**1~NM1*QC*1*NESHAN*DANIEL*G***MI*NJX3HZN99548930~NM1*IL*1*NESHAM*DANIELLE****MI*3HZN995489300~NM1*74*1*NESHAN*DANIELLE*M***C*3HZN995489300~NM1*82*2*R T ARENA PHD*****XX*1033218813~DTM*050*20130923~DTM*232*20130909~DTM*233*20130916~PER*CX*NJ DIRECT*TE*8006241110~AMT*AU*146~AMT*T2*131.4~SVC*HC:99199*150*65.7**1*HC:90837~DTM*472*20130909~CAS*PR*2*7.3~CAS*CO*45*77~REF*6R*591752404986~REF*HPI*1033218813~AMT*B6*73~SVC*HC:99199*150*65.7**1*HC:90837~DTM*472*20130916~CAS*PR*2*7.3~CAS*CO*45*77~REF*6R*592752404986~REF*HPI*1033218813~AMT*B6*73~SE*58*0006~GE*6*155426314~IEA*1*155426314~
