ISA*00*          *00*          *ZZ*330897513      *ZZ*ASSOCIATEDBC   *130927*2103*^*00501*155521380*0*P*:~GS*HP*330897513*ASSOCIATEDBC*20130927*2103*155521380*X*005010X221A1~ST*835*0001~BPR*I*494.04*C*ACH*CCP*01*081517693*DA*152302017073*1205296137**01*021200339*DA*009001064684*20130926~TRN*1*885967209*1205296137~REF*EV*1929361~DTM*405*20130925~N1*PR*NOVITAS SOLUTIONS, INC.~N3*PO BOX 3031~N4*MECHANICSBURG*PA*170551803~REF*2U*12402~PER*CX**TE*8772358073~PER*BL*NOVITAS SOLUTIONS, INC. EDI SERVICES*TE*8772358073*EX*1*EM*WEBSITEEDI@NOVITAS_SOLUTIONS.COM~N1*PE*EUNICE P. EUROPA*XX*1205985884~N3*28 MORRIS ROAD~N4*TENAFLY*NJ*076702427~REF*TJ*141305923~LX*1~CLP*092368750 M*19*450.03*123.51*67.86*MB*0813240154370*11~NM1*QC*1*FOX*LINDA****HN*092368750M~NM1*TT*2*NJ DEPT. OF HUMAN SERVICES*****PI*70079~MOA***MA01*MA07~DTM*050*20130828~SVC*HC:G8431*0.01*0**0**1~DTM*472*20130807~CAS*CO*96*0.01~REF*6R*LX#01~REF*LU*11~LQ*HE*N365~SVC*HC:90834*150*41.17**1~DTM*472*20130807~CAS*CO*45*85.37**223*0.84~CAS*PR*2*10.5**122*12.12~REF*6R*LX#02~REF*LU*11~AMT*B6*64.63~SVC*HC:3016F*0.01*0**0**1~DTM*472*20130807~CAS*CO*96*0.01~REF*6R*LX#03~REF*LU*11~LQ*HE*N365~SVC*HC:1036F*0.01*0**0**1~DTM*472*20130807~CAS*CO*96*0.01~REF*6R*LX#04~REF*LU*11~LQ*HE*N365~SVC*HC:90834*150*41.17**1~DTM*472*20130814~CAS*CO*45*85.37**223*0.84~CAS*PR*2*10.5**122*12.12~REF*6R*LX#05~REF*LU*11~AMT*B6*64.63~SVC*HC:90834*150*41.17**1~DTM*472*20130821~CAS*CO*45*85.37**223*0.84~CAS*PR*2*10.5**122*12.12~REF*6R*LX#06~REF*LU*11~AMT*B6*64.63~CLP*155324974A*1*150*41.17*22.62*MB*0813240154380*11~NM1*QC*1*GOODNOUGH*SUSAN****HN*155324974A~MOA***MA01~DTM*050*20130828~SVC*HC:90834*150*41.17**1~DTM*472*20130821~CAS*CO*45*85.37**223*0.84~CAS*PR*2*10.5**122*12.12~REF*6R*LX#01~REF*LU*11~AMT*B6*64.63~CLP*155324974A*1*450.03*123.51*67.86*MB*0813240154390*11~NM1*QC*1*GOODNOUGH*SUSAN****HN*155324974A~MOA***MA01~DTM*050*20130828~SVC*HC:G8431*0.01*0**0**1~DTM*472*20130806~CAS*CO*96*0.01~REF*6R*LX#01~REF*LU*11~LQ*HE*N365~SVC*HC:90834*150*41.17**1~DTM*472*20130806~CAS*CO*45*85.37**223*0.84~CAS*PR*2*10.5**122*12.12~REF*6R*LX#02~REF*LU*11~AMT*B6*64.63~SVC*HC:3016F*0.01*0**0**1~DTM*472*20130806~CAS*CO*96*0.01~REF*6R*LX#03~REF*LU*11~LQ*HE*N365~SVC*HC:1036F*0.01*0**0**1~DTM*472*20130806~CAS*CO*96*0.01~REF*6R*LX#04~REF*LU*11~LQ*HE*N365~SVC*HC:90834*150*41.17**1~DTM*472*20130814~CAS*CO*45*85.37**223*0.84~CAS*PR*2*10.5**122*12.12~REF*6R*LX#05~REF*LU*11~AMT*B6*64.63~SVC*HC:90834*150*41.17**1~DTM*472*20130820~CAS*CO*45*85.37**223*0.84~CAS*PR*2*10.5**122*12.12~REF*6R*LX#06~REF*LU*11~AMT*B6*64.63~CLP*156303340A*1*375.03*123.51*67.86*MB*0813240154410*11~NM1*QC*1*ST JOHN*CAROL*C***HN*156303340A~MOA***MA01~DTM*050*20130828~SVC*HC:G8431*0.01*0**0**1~DTM*472*20130806~CAS*CO*96*0.01~REF*6R*LX#01~REF*LU*11~LQ*HE*N365~SVC*HC:90834*125*41.17**1~DTM*472*20130806~CAS*CO*45*60.37**223*0.84~CAS*PR*2*10.5**122*12.12~REF*6R*LX#02~REF*LU*11~AMT*B6*64.63~SVC*HC:3016F*0.01*0**0**1~DTM*472*20130806~CAS*CO*96*0.01~REF*6R*LX#03~REF*LU*11~LQ*HE*N365~SVC*HC:1036F*0.01*0**0**1~DTM*472*20130806~CAS*CO*96*0.01~REF*6R*LX#04~REF*LU*11~LQ*HE*N365~SVC*HC:90834*125*41.17**1~DTM*472*20130813~CAS*CO*45*60.37**223*0.84~CAS*PR*2*10.5**122*12.12~REF*6R*LX#05~REF*LU*11~AMT*B6*64.63~SVC*HC:90834*125*41.17**1~DTM*472*20130820~CAS*CO*45*60.37**223*0.84~CAS*PR*2*10.5**122*12.12~REF*6R*LX#06~REF*LU*11~AMT*B6*64.63~CLP*153522271A*1*300.03*82.34*45.24*MB*0813240154400*11~NM1*QC*1*WINE*DONNA****HN*153522271A~MOA***MA01~DTM*050*20130828~SVC*HC:G8431*0.01*0**0**1~DTM*472*20130806~CAS*CO*96*0.01~REF*6R*LX#01~REF*LU*11~LQ*HE*N365~SVC*HC:90834*150*41.17**1~DTM*472*20130806~CAS*CO*45*85.37**223*0.84~CAS*PR*2*10.5**122*12.12~REF*6R*LX#02~REF*LU*11~AMT*B6*64.63~SVC*HC:3016F*0.01*0**0**1~DTM*472*20130806~CAS*CO*96*0.01~REF*6R*LX#03~REF*LU*11~LQ*HE*N365~SVC*HC:1036F*0.01*0**0**1~DTM*472*20130806~CAS*CO*96*0.01~REF*6R*LX#04~REF*LU*11~LQ*HE*N365~SVC*HC:90834*150*41.17**1~DTM*472*20130820~CAS*CO*45*85.37**223*0.84~CAS*PR*2*10.5**122*12.12~REF*6R*LX#05~REF*LU*11~AMT*B6*64.63~SE*194*0001~ST*835*0002~BPR*I*54.89*C*ACH*CCP*01*081517693*DA*152302017073*1205296137**01*021200025*DA*2000031302801*20130926~TRN*1*885969521*1205296137~REF*EV*1929361~DTM*405*20130925~N1*PR*NOVITAS SOLUTIONS, INC.~N3*PO BOX 3031~N4*MECHANICSBURG*PA*170551803~REF*2U*12402~PER*CX**TE*8772358073~PER*BL*NOVITAS SOLUTIONS, INC. EDI SERVICES*TE*8772358073*EX*1*EM*WEBSITEEDI@NOVITAS_SOLUTIONS.COM~N1*PE*DAVID SIEGMAN  CP*XX*1306926589~N3*STE 140*47 RARITAN AVE~N4*HIGHLAND PARK*NJ*089042440~REF*TJ*300450564~LX*1~CLP*0*19*180*54.89*30.16*MB*0813240154350*11~NM1*QC*1*ROTHWEILER*L*N***HN*149280307A~NM1*TT*2*CONNECTICUT GENERAL LIFE INS CO*****PI*00018~MOA***MA01*MA18~DTM*050*20130828~SVC*HC:90834*180*54.89**1~DTM*472*20130809~CAS*CO*45*93.83**223*1.12~CAS*PR*2*14**122*16.16~REF*6R*LX#01~REF*LU*11~AMT*B6*86.17~SE*29*0002~GE*2*155521380~IEA*1*155521380~
