ISA*00*          *00*          *ZZ*330897513      *ZZ*ASSOCIATEDBC   *130930*0128*^*00501*155580675*0*P*:~GS*HP*330897513*ASSOCIATEDBC*20130930*0128*155580675*X*005010X221A1~ST*835*0001~BPR*I*19.6*C*CHK************20130927~TRN*1*CC-31495084*1066033492~REF*EV*330897513~DTM*405*20130928~N1*PR*AETNA~N3*151 FARMINGTON AVENUE~N4*HARTFORD*CT*06156~PER*BL*PROVIDER SERVICE~N1*PE*MAUREEN M WIESE WAIBEL, MSW LCS*XX*1902991391~N3*800 RARITAN RD~N4*CLARK*NJ*070661710~REF*PQ*291480930~REF*TJ*262135919~LX*1~TS3*1902991391*11*20131231*1*125~CLP*106300A130924*1*125*19.6*40*HM*130925E285690000*11*1~NM1*QC*1*LONDON*SHANE****MI*MEBGQN9V~NM1*82*2*MAUREEN M WIESE WAIBEL, MSW LCS*****XX*1902991391~REF*1L*354055-252~REF*CE*OA HMO VALUE NET 02042~DTM*050*20130925~DTM*232*20130918~DTM*233*20130918~PER*CX**TE*8006240756~AMT*AU*125~SVC*HC:90834*125*19.6**1~DTM*472*20130918~CAS*CO*137*0.4**45*65~CAS*PR*3*40~AMT*B6*60~SE*32*0001~GE*1*155580675~IEA*1*155580675~
