ISA*00*          *00*          *ZZ*330897513      *ZZ*ASSOCIATEDBC   *130930*1027*U*00401*155636879*0*P*:~GS*HP*330897513*ASSOCIATEDBC*20130930*1027*155636879*X*004010X091A1~ST*835*0001~BPR*I*49*C*CHK************20130920~TRN*1*157165739*1220999690*22099~DTM*405*20130920~N1*PR*HORIZON BCBSNJ~N3*3 PENN PLAZA~N4*NEWARK*NJ*071010420~REF*2U*22099~PER*CX**TE*8883349242~N1*PE*M M WIESE WAIBEL LCSW*XX*1902991391~N3*800 RARITAN ROAD~N4*CLARK*NJ*070661710~REF*TJ*262135919~LX*1~CLP*83900A130917*1*125*49*20*12*28132620499200780*11*1~NM1*QC*1*MULLIGAN*CHERYL****MI*R58027107~NM1*IL*1*MULLIGAN*THOMAS****MI*R58027107~DTM*050*20130919~DTM*232*20130904~AMT*AU*69~SVC*HC:90834*125*49**1~DTM*472*20130904~CAS*PR*2*20~CAS*CO*45*56~REF*6R*0~AMT*B6*69~SE*27*0001~ST*835*0002~BPR*I*128.7*C*ACH*CCP*01*031100225*DA*2079950064280/*1220999690**01*021200025*DA*2000030280694*20130927~TRN*1*0004293539*1220999690*8352013092803351003~REF*EV*1598809212~DTM*405*20130927~N1*PR*HORIZON BCBSNJ~N3*PAYOR ADDRESS 1~N4*NEWARK*NJ*071010420~REF*2U*22099~N1*PE*W BENTON PHD*XX*1598809212~N3*PO BOX 3524~N4*UNION*NJ*070831896~REF*PQ*2083116130~REF*TJ*208311613~LX*1~CLP*751861626*1*160*65.7*7.3*13*780261326387458   00**1~NM1*QC*1*GORE*CHRISTOPHER****MI*3HZN720642400~NM1*74*1*GORE*CHRISTOPHE*C***C*NJX3HZN72064240~NM1*82*2*W  BENTON PHD*****XX*1598809212~DTM*050*20130920~DTM*232*20130911~DTM*233*20130911~PER*CX*NJ DIRECT*TE*8006241110~AMT*AU*73~AMT*T2*65.7~SVC*HC:99199*160*65.7**1*HC:90834~DTM*472*20130911~CAS*PR*2*7.3~CAS*CO*45*87~REF*6R*987751861626~REF*HPI*1598809212~AMT*B6*73~CLP*751861635*1*175*63*10*13*780261326386948   00**1~NM1*QC*1*TUITT*RONALD*S***MI*NJX3HZN10725950~NM1*82*2*W  BENTON PHD*****XX*1598809212~DTM*050*20130920~DTM*232*20130912~DTM*233*20130912~PER*CX*NJ DIRECT*TE*8006241110~AMT*AU*73~AMT*T2*63~SVC*HC:90847*175*63**1~DTM*472*20130912~CAS*PR*3*10~CAS*CO*45*102~REF*6R*028751861635~REF*HPI*1598809212~AMT*B6*73~CLP*NOTPRESENT*4*160*0**13*780271326835358   00**1~NM1*QC*1*ROBINSON*KEREN*M***MI*3HZN02635090~NM1*IL*1*ROBINSON*DARYL*V***MI*3HZN026350900~NM1*82*2*W  BENTON PHD*****XX*1598809212~DTM*050*20130923~DTM*232*20130806~DTM*233*20130806~PER*CX*HORIZON BLUE CROSS BLUE SHIELD OF NEW JERSEY DIRECT ACCESS*TE*8006241110~SVC*HC:99199*160*0**1*HC:90834~DTM*472*20130806~CAS*OA*18*160~REF*6R*000001~REF*HPI*1598809212~SE*62*0002~ST*835*0003~BPR*I*54*C*ACH*CCP*01*031100225*DA*2079950064280/*1220999690**01*231372691*DA*0181143836*20130927~TRN*1*0004297579*1220999690*8352013092803340853~REF*EV*1902991391~DTM*405*20130927~N1*PR*HORIZON BCBSNJ~N3*PAYOR ADDRESS 1~N4*NEWARK*NJ*071010420~REF*2U*22099~N1*PE*M M WIESE WAIBEL LCSW*XX*1902991391~N3*800 RARITAN RD~N4*CLARK*NJ*070661710~REF*PQ*2621359190~REF*TJ*262135919~LX*1~CLP*108000A130924*1*125*54*15*12*780271326932019   00**1~NM1*QC*1*DUFFY*JULIE****MI*3HZN563169500~NM1*74*1*DUFFY*JULIE*A***C*YHB3HZN56316950~NM1*82*2*M M WIESE WAIBEL LCSW*****XX*1902991391~DTM*050*20130926~DTM*232*20130920~DTM*233*20130920~PER*CX*NATIONAL ACCOUNTS SERVICED IN MT.LAUREL*TE*8006244758~AMT*AU*69~AMT*T2*54~SVC*HC:99199*125*54**1*HC:90834~DTM*472*20130920~CAS*PR*3*15~CAS*CO*45*56~REF*6R*0~REF*HPI*1902991391~AMT*B6*69~SE*33*0003~ST*835*0004~BPR*I*289*C*ACH*CCP*01*031100225*DA*2079950064280/*1220999690**01*231372691*DA*0181143836*20130921~TRN*1*0004268599*1220999690*8352013092620450813~REF*EV*1902991391~DTM*405*20130921~N1*PR*HORIZON BCBSNJ~N3*PAYOR ADDRESS 1~N4*NEWARK*NJ*071010420~REF*2U*22099~N1*PE*M M WIESE WAIBEL LCSW*XX*1902991391~N3*800 RARITAN RD~N4*CLARK*NJ*070661710~REF*PQ*2621359190~REF*TJ*262135919~LX*1~CLP*85200A130917*1*125*50*10*13*780261326274824   00**1~NM1*QC*1*BONILLA*NANCY****MI*NJX3HZN71563020~NM1*82*2*M M WIESE WAIBEL LCSW*****XX*1902991391~DTM*050*20130919~DTM*232*20130905~DTM*233*20130905~PER*CX*NJ DIRECT*TE*8006241110~AMT*AU*60~AMT*T2*50~SVC*HC:99199*125*50**1*HC:90834~DTM*472*20130905~CAS*PR*3*10~CAS*CO*45*65~REF*6R*0~REF*HPI*1902991391~AMT*B6*60~CLP*86800A130917*1*125*45*15*13*780281326203628   00**1~NM1*QC*1*CORNWELL*ELIZABETH****MI*3HZN852616900~NM1*74*1*CORNWELL*ELIZABETH*H***C*NJX3HZN85261690~NM1*82*2*M M WIESE WAIBEL LCSW*****XX*1902991391~DTM*050*20130919~DTM*232*20130909~DTM*233*20130909~PER*CX*NJ DIRECT*TE*8006241110~AMT*AU*60~AMT*T2*45~SVC*HC:99199*125*45**1*HC:90834~DTM*472*20130909~CAS*PR*3*15~CAS*CO*45*65~REF*6R*0~REF*HPI*1902991391~AMT*B6*60~CLP*84700A130917*1*125*50*10*13*780261326274494   00**1~NM1*QC*1*DANIELSON*CHRISTINE****MI*NJX3HZN77593920~NM1*IL*1*FAUGHNAN*RICHARD****MI*3HZN775939201~NM1*74*1*FAUGHNAN*RICHARD*F***C*3HZN775939201~NM1*82*2*M M WIESE WAIBEL LCSW*****XX*1902991391~DTM*050*20130919~DTM*232*20130905~DTM*233*20130905~PER*CX*NJ DIRECT*TE*8006241110~AMT*AU*60~AMT*T2*50~SVC*HC:99199*125*50**1*HC:90834~DTM*472*20130905~CAS*PR*3*10~CAS*CO*45*65~REF*6R*0~REF*HPI*1902991391~AMT*B6*60~CLP*85300A130917*1*125*45*15*13*780281326203633   00**1~NM1*QC*1*LENAHAN*MEAGHAN****MI*3HZN361915300~NM1*74*1*LENAHAN*MEAGHAN*M***C*NJX3HZN36191530~NM1*82*2*M M WIESE WAIBEL LCSW*****XX*1902991391~DTM*050*20130919~DTM*232*20130905~DTM*233*20130905~PER*CX*NJ DIRECT*TE*8006241110~AMT*AU*60~AMT*T2*45~SVC*HC:99199*125*45**1*HC:90834~DTM*472*20130905~CAS*PR*3*15~CAS*CO*45*65~REF*6R*0~REF*HPI*1902991391~AMT*B6*60~CLP*86900A130917*1*125*45*15*13*780281326203627   00**1~NM1*QC*1*MONDI*NICHOL****MI*NJX3HZN15469020~NM1*IL*1*MONDI*FREDERICK****MI*3HZN154690200~NM1*74*1*MONDI*FREDERICK*B***C*3HZN154690200~NM1*82*2*M M WIESE WAIBEL LCSW*****XX*1902991391~DTM*050*20130919~DTM*232*20130909~DTM*233*20130909~PER*CX*NJ DIRECT*TE*8006241110~AMT*AU*60~AMT*T2*45~SVC*HC:99199*125*45**1*HC:90834~DTM*472*20130909~CAS*PR*3*15~CAS*CO*45*65~REF*6R*0~REF*HPI*1902991391~AMT*B6*60~CLP*89100A130917*1*125*54*15*12*780281326204989   00**1~NM1*QC*1*DUFFY*JULIE****MI*3HZN563169500~NM1*74*1*DUFFY*JULIE*A***C*YHB3HZN56316950~NM1*82*2*M M WIESE WAIBEL LCSW*****XX*1902991391~DTM*050*20130919~DTM*232*20130913~DTM*233*20130913~PER*CX*NATIONAL ACCOUNTS SERVICED IN MT.LAUREL*TE*8006244758~AMT*AU*69~AMT*T2*54~SVC*HC:99199*125*54**1*HC:90834~DTM*472*20130913~CAS*PR*3*15~CAS*CO*45*56~REF*6R*0~REF*HPI*1902991391~AMT*B6*69~SE*119*0004~ST*835*0005~BPR*I*345.6*C*ACH*CCP*01*031100225*DA*2079950064280/*1220999690**01*021200025*DA*2000030280694*20130926~TRN*1*0004286541*1220999690*8352013092703250925~REF*EV*1598809212~DTM*405*20130926~N1*PR*HORIZON BCBSNJ~N3*PAYOR ADDRESS 1~N4*NEWARK*NJ*071010420~REF*2U*22099~N1*PE*W BENTON PHD*XX*1598809212~N3*PO BOX 3524~N4*UNION*NJ*070831896~REF*PQ*2083116130~REF*TJ*208311613~LX*1~CLP*750711639*1*160*65.7*7.3*13*780261326185547   00**1~NM1*QC*1*GORE*CHRISTOPHER****MI*3HZN720642400~NM1*74*1*GORE*CHRISTOPHE*C***C*NJX3HZN72064240~NM1*82*2*W  BENTON PHD*****XX*1598809212~DTM*050*20130918~DTM*232*20130904~DTM*233*20130904~PER*CX*NJ DIRECT*TE*8006241110~AMT*AU*73~AMT*T2*65.7~SVC*HC:99199*160*65.7**1*HC:90834~DTM*472*20130904~CAS*PR*2*7.3~CAS*CO*45*87~REF*6R*482750711639~REF*HPI*1598809212~AMT*B6*73~CLP*750711640*1*175*65.7*7.3*13*780261326185525   00**1~NM1*QC*1*HUNT*DARIUS*M***MI*NJX3HZN55806350~NM1*IL*1*HUNT*KAMILAH****MI*3HZN558063500~NM1*74*1*HUNT JOHNSON*KAMILAH*N***C*3HZN558063500~NM1*82*2*W  BENTON PHD*****XX*1598809212~DTM*050*20130918~DTM*232*20130906~DTM*233*20130906~PER*CX*NJ DIRECT*TE*8006241110~AMT*AU*73~AMT*T2*65.7~SVC*HC:90847*175*65.7**1~DTM*472*20130906~CAS*PR*2*7.3~CAS*CO*45*102~REF*6R*483750711640~REF*HPI*1598809212~AMT*B6*73~CLP*750711642*1*160*65.7*7.3*13*780261326185527   00**1~NM1*QC*1*LAWRENCE*ALICIA****MI*3HZN778035800~NM1*74*1*LAWRENCE*ALICIA*L***C*NJX3HZN77803580~NM1*82*2*W  BENTON PHD*****XX*1598809212~DTM*050*20130918~DTM*232*20130904~DTM*233*20130904~PER*CX*NJ DIRECT*TE*8006241110~AMT*AU*73~AMT*T2*65.7~SVC*HC:99199*160*65.7**1*HC:90834~DTM*472*20130904~CAS*PR*2*7.3~CAS*CO*45*87~REF*6R*485750711642~REF*HPI*1598809212~AMT*B6*73~CLP*750711643*1*180*85.5*9.5*13*780261326169793   00**1~NM1*QC*1*MCCOMBS*JEREMY****MI*NJX3HZN87377660~NM1*IL*1*MCCOMBS*ROSLYN****MI*3HZN873776600~NM1*74*1*MCCOMBS*ROSLYN*R***C*3HZN873776600~NM1*82*2*W  BENTON PHD*****XX*1598809212~DTM*050*20130918~DTM*232*20130907~DTM*233*20130907~PER*CX*NJ DIRECT*TE*8006241110~AMT*AU*95~AMT*T2*85.5~SVC*HC:99199*180*85.5**1*HC:90791~DTM*472*20130907~CAS*PR*2*9.5~CAS*CO*45*85~REF*6R*486750711643~REF*HPI*1598809212~AMT*B6*95~CLP*750711653*1*160*63*10*13*780261326169787   00**1~NM1*QC*1*TUITT*RONALD*S***MI*NJX3HZN10725950~NM1*82*2*W  BENTON PHD*****XX*1598809212~DTM*050*20130918~DTM*232*20130905~DTM*233*20130905~PER*CX*NJ DIRECT*TE*8006241110~AMT*AU*73~AMT*T2*63~SVC*HC:99199*160*63**1*HC:90834~DTM*472*20130905~CAS*PR*3*10~CAS*CO*45*87~REF*6R*497750711653~REF*HPI*1598809212~AMT*B6*73~SE*102*0005~ST*835*0006~BPR*I*161.3*C*ACH*CCP*01*031100225*DA*2079950064280/*1220999690**01*021200025*DA*2000030280694*20130921~TRN*1*0004264740*1220999690*8352013092620460954~REF*EV*1598809212~DTM*405*20130921~N1*PR*HORIZON BCBSNJ~N3*PAYOR ADDRESS 1~N4*NEWARK*NJ*071010420~REF*2U*22099~N1*PE*W BENTON PHD*XX*1598809212~N3*PO BOX 3524~N4*UNION*NJ*070831896~REF*PQ*2083116130~REF*TJ*208311613~LX*1~CLP*NOTPRESENT*22*-160*0**13*780261324650949   01**1~CAS*CR*96*73~CAS*CR*96*-73~NM1*QC*1*ROBINSON*KEREN*M***MI*3HZN02635090~NM1*IL*1*ROBINSON*DARYL*V***MI*3HZN026350900~NM1*82*2*W  BENTON PHD*****XX*1598809212~MOA***MA69~DTM*050*20130920~DTM*232*20130723~DTM*233*20130723~PER*CX*HORIZON BLUE CROSS BLUE SHIELD OF NEW JERSEY DIRECT ACCESS*TE*8006241110~AMT*AU*-73~SVC*HC:99199*-160*0**1*HC:90834~DTM*472*20130723~CAS*CR*3*-5**204*-68~CAS*CR*45*-87~REF*6R*000001~REF*HPI*1598809212~CLP*NOTPRESENT*1*160*7.3*65.7*13*780261324650949   02**1~NM1*QC*1*ROBINSON*KEREN*M***MI*3HZN02635090~NM1*IL*1*ROBINSON*DARYL*V***MI*3HZN026350900~NM1*82*2*W  BENTON PHD*****XX*1598809212~DTM*050*20130830~DTM*232*20130723~DTM*233*20130723~PER*CX*HORIZON BLUE CROSS BLUE SHIELD OF NEW JERSEY DIRECT ACCESS*TE*8006241110~AMT*AU*73~AMT*T2*7.3~SVC*HC:99199*160*7.3**1*HC:90834~DTM*472*20130723~CAS*PR*204*65.7~CAS*CO*45*21.3~CAS*OA*204*65.7~REF*6R*000001~REF*HPI*1598809212~AMT*B6*73~CLP*751861631*1*160*77*15*12*780261326388671   00**1~NM1*QC*1*MITTA*IRENE****MI*YHB3HZN65683260~NM1*82*2*W  BENTON PHD*****XX*1598809212~DTM*050*20130920~DTM*232*20130910~DTM*233*20130910~PER*CX*NATIONAL ACCOUNTS SERVICED IN MT.LAUREL*TE*8006244758~AMT*AU*92~AMT*T2*77~SVC*HC:99199*160*77**1*HC:90834~DTM*472*20130910~CAS*PR*3*15~CAS*CO*45*68~REF*6R*019751861631~REF*HPI*1598809212~AMT*B6*92~CLP*751861633*1*160*77*15*12*780261326387998   00**1~NM1*QC*1*SOLOMON*VANETTA****MI*3HZN539855400~NM1*74*1*SOLOMON*VANETTA*L***C*YHB3HZN53985540~NM1*82*2*W  BENTON PHD*****XX*1598809212~DTM*050*20130920~DTM*232*20130910~DTM*233*20130910~PER*CX*NATIONAL ACCOUNTS SERVICED IN MT.LAUREL*TE*8006244758~AMT*AU*92~AMT*T2*77~SVC*HC:99199*160*77**1*HC:90834~DTM*472*20130910~CAS*PR*3*15~CAS*CO*45*68~REF*6R*023751861633~REF*HPI*1598809212~AMT*B6*92~SE*85*0006~ST*835*0007~BPR*I*125*C*ACH*CCP*01*031100225*DA*2079950064280/*1220999690**01*231372691*DA*0181143836*20130926~TRN*1*0004290271*1220999690*8352013092703250792~REF*EV*1902991391~DTM*405*20130926~N1*PR*HORIZON BCBSNJ~N3*PAYOR ADDRESS 1~N4*NEWARK*NJ*071010420~REF*2U*22099~N1*PE*M M WIESE WAIBEL LCSW*XX*1902991391~N3*800 RARITAN RD~N4*CLARK*NJ*070661710~REF*PQ*2621359190~REF*TJ*262135919~LX*1~CLP*88600A130917*1*125*45*15*13*780261326274488   00**1~NM1*QC*1*SOMERS*ELAINE****MI*YHQ3HZN03939260~NM1*IL*1*SOMERS*ROBERT****MI*3HZN039392600~NM1*82*2*M M WIESE WAIBEL LCSW*****XX*1902991391~DTM*050*20130919~DTM*232*20130913~DTM*233*20130913~PER*CX*HORIZON BLUE CROSS BLUE SHIELD OF NEW JERSEY DIRECT ACCESS*TE*8006241110~AMT*AU*60~AMT*T2*45~SVC*HC:99199*125*45**1*HC:90834~DTM*472*20130913~CAS*PR*3*15~CAS*CO*45*65~REF*6R*0~REF*HPI*1902991391~AMT*B6*60~CLP*85500A130917*1*125*45*15*13*780261326274822   00**1~NM1*QC*1*SOMERS*ELAINE****MI*YHQ3HZN03939260~NM1*IL*1*SOMERS*ROBERT****MI*3HZN039392600~NM1*82*2*M M WIESE WAIBEL LCSW*****XX*1902991391~DTM*050*20130919~DTM*232*20130906~DTM*233*20130906~PER*CX*HORIZON BLUE CROSS BLUE SHIELD OF NEW JERSEY DIRECT ACCESS*TE*8006241110~AMT*AU*60~AMT*T2*45~SVC*HC:99199*125*45**1*HC:90834~DTM*472*20130906~CAS*PR*3*15~CAS*CO*45*65~REF*6R*0~REF*HPI*1902991391~AMT*B6*60~CLP*84000A130917*1*125*35*25*13*780281326204996   00**1~NM1*QC*1*GRANT*MACY****MI*HSE3HZN63444600~NM1*IL*1*MOUNT*TIMOTHY****MI*3HZN634446000~NM1*74*1*MOUNT*TIMOTHY*S***C*3HZN634446000~NM1*82*2*M M WIESE WAIBEL LCSW*****XX*1902991391~DTM*050*20130919~DTM*232*20130904~DTM*233*20130904~PER*CX*NATIONAL ACCOUNTS POS*TE*8006244758~AMT*AU*60~AMT*T2*35~SVC*HC:99199*125*35**1*HC:90834~DTM*472*20130904~CAS*PR*3*25~CAS*CO*45*65~REF*6R*0~REF*HPI*1902991391~AMT*B6*60~SE*68*0007~ST*835*0008~BPR*I*126*C*ACH*CCP*01*031100225*DA*2079950064280/*1220999690**01*021200339*DA*009446669199*20130926~TRN*1*0004285304*1220999690*8352013092703401854~REF*EV*1033218813~DTM*405*20130926~N1*PR*HORIZON BCBSNJ~N3*PAYOR ADDRESS 1~N4*NEWARK*NJ*071010420~REF*2U*22099~N1*PE*R T ARENA PHD*XX*1033218813~N3*49 MARKET ST~N4*SADDLE BROOK*NJ*076634849~REF*PQ*0533279390~REF*TJ*053327939~LX*1~CLP*752444343*1*200*93*10*12*780261326607727   00**1~NM1*QC*1*VASI*ANTONINO****MI*YLD89447370~NM1*82*2*R T ARENA PHD*****XX*1033218813~DTM*050*20130923~DTM*232*20130918~DTM*233*20130918~AMT*AU*103~AMT*T2*93~SVC*HC:99199*200*93**1*HC:90791~DTM*472*20130918~CAS*PR*3*10~CAS*CO*45*97~REF*6R*134752444343~REF*HPI*1033218813~AMT*B6*103~CLP*752404996*1*150*0*73*13*780261326608536   00**1~NM1*QC*1*ROTHSCHILD*SHARON****MI*YHQ3HZN18978820~NM1*82*2*R T ARENA PHD*****XX*1033218813~DTM*050*20130923~DTM*232*20130911~DTM*233*20130911~PER*CX*HORIZON BLUE CROSS BLUE SHIELD OF NEW JERSEY DIRECT ACCESS*TE*8006241110~AMT*AU*73~SVC*HC:99199*150*0**1*HC:90837~DTM*472*20130911~CAS*PR*1*73~CAS*CO*45*77~REF*6R*603752404996~REF*HPI*1033218813~AMT*B6*73~CLP*752404987*1*150*33*40*13*780261326608527   00**1~NM1*QC*1*PAPAROZZI*GIAVANNA****MI*YHX3HZN81485420~NM1*IL*1*PAPAROZZI*GARY****MI*3HZN814854200~NM1*82*2*R T ARENA PHD*****XX*1033218813~DTM*050*20130923~DTM*232*20130918~DTM*233*20130918~PER*CX*NATIONAL ACCOUNTS POS*TE*8006244758~AMT*AU*73~AMT*T2*33~SVC*HC:99199*150*33**1*HC:90837~DTM*472*20130918~CAS*PR*3*40~CAS*CO*45*77~REF*6R*593752404987~REF*HPI*1033218813~AMT*B6*73~SE*63*0008~ST*835*0009~BPR*I*200*C*CHK************20130927~TRN*1*05274650*1135511997*13551~REF*EV*133052274~DTM*405*20130924~N1*PR*GROUP HEALTH INC*XV*135511997~N3*441 NINTH AVE~N4*NEW YORK*NY*10001~REF*2U*13551~REF*EO*13551~N1*PE*DANIEL EDELMAN PSYD PC*XX*9999999995~N3*13 EAGLE TER~N4*WEST ORANGE*NJ*070525006~REF*PQ*7350953~REF*TJ*203009626~LX*1~CLP*752347292*1*150*50*15*12*EMC9675980*11~NM1*QC*1*MERCEDES*ENMANUEL****MI*932141825~NM1*IL*1*MERCEDES*EMMANUEL****MI*932141825~NM1*82*1*EDELMAN*DANIEL****XX*1629041165~REF*G2*7350956~DTM*050*20130920~DTM*232*20130829~DTM*233*20130829~SVC*HC:90834*150*50**1~DTM*472*20130829~CAS*CO*45*85~CAS*PR*3*15~REF*6R*754752347292~AMT*B6*65~CLP*752347271*1*300*100*30*12*EMC9675981*11~NM1*QC*1*BRODEUR*BRIAN*A***MI*930491883~NM1*IL*1*SCRAGG*SANDRA****MI*930491883~NM1*82*1*EDELMAN*DANIEL****XX*1629041165~REF*G2*7350956~DTM*050*20130920~DTM*232*20130903~DTM*233*20130910~SVC*HC:90834*150*50**1~DTM*472*20130903~CAS*CO*45*85~CAS*PR*3*15~REF*6R*712752347271~AMT*B6*65~SVC*HC:90834*150*50**1~DTM*472*20130910~CAS*CO*45*85~CAS*PR*3*15~REF*6R*713752347271~AMT*B6*65~CLP*752347308*1*150*50*15*12*EMC9675982*11~NM1*QC*1*TRINCHER*RONEN****MI*930919742~NM1*IL*1*TRINCHER*RONEN****MI*930919742~NM1*82*1*EDELMAN*DANIEL****XX*1629041165~REF*G2*7350956~DTM*050*20130920~DTM*232*20130906~DTM*233*20130906~SVC*HC:90834*150*50**1~DTM*472*20130906~CAS*CO*45*85~CAS*PR*3*15~REF*6R*788752347308~AMT*B6*65~SE*65*0009~ST*835*0010~BPR*I*80*C*CHK************20130927~TRN*1*05267080*1135511997*13551~REF*EV*133052274~DTM*405*20130924~N1*PR*GROUP HEALTH INC*XV*135511997~N3*441 NINTH AVE~N4*NEW YORK*NY*10001~REF*2U*13551~REF*EO*13551~N1*PE*DANIEL EDELMAN PSYD PC*XX*9999999995~N3*13 EAGLE TER~N4*WEST ORANGE*NJ*070525006~REF*PQ*7350953~REF*TJ*203009626~LX*1~CLP*752347268*1*300*80*50*12*EMC9675979*11~NM1*QC*1*BHISE*VIJAY*S***MI*932212025~NM1*IL*1*BHISE*SEENA****MI*932212025~NM1*82*1*EDELMAN*DANIEL****XX*1629041165~REF*G2*7350956~DTM*050*20130920~DTM*232*20130827~DTM*233*20130903~SVC*HC:90834*150*40**1~DTM*472*20130827~CAS*CO*45*85~CAS*PR*3*25~REF*6R*705752347268~AMT*B6*65~SVC*HC:90834*150*40**1~DTM*472*20130903~CAS*CO*45*85~CAS*PR*3*25~REF*6R*706752347268~AMT*B6*65~SE*37*0010~GE*10*155636879~IEA*1*155636879~
