ISA*00*          *00*          *ZZ*330897513      *ZZ*ASSOCIATEDBC   *130930*0825*U*00401*155621040*0*P*:~GS*HP*330897513*ASSOCIATEDBC*20130930*0825*155621040*X*004010X091A1~ST*835*0001~BPR*I*72.5*C*ACH*CCP*01*124384877*DA*1470858534*1411289245*000087726*01*323371076*DA*17606003194*20130930~TRN*1*1QG92754860*1411289245*000087726~DTM*405*20130925~N1*PR*UNITED HEALTHCARE INSURANCE COMPANY*XV*87726~N3*9900 BREN ROAD~N4*MINNETONKA*MN*553430000~REF*2U*87726~PER*CX*ATLANTA SERVICE CENTER*TE*8778423210~N1*PE*KATHI L JACKSON PHD*XX*1144266438~N3*2731 WETMORE AVENUE 240~N4*EVERETT*WA*982010000~REF*TJ*447585592~LX*1~TS3*1144266438*11*20131231*1*150~CLP*750694060*1*150*72.5*20*13*4272996401 0057305748*11~NM1*QC*1*BROPHY*BRITTANY~NM1*IL*1*BROPHY*BARRY****MI*823993638~REF*1L*228485~REF*CE*CHOYC+~DTM*050*20130917~DTM*232*20130903~AMT*AU*150~SVC*HC:90834*150*72.5**1~DTM*472*20130903~CAS*CO*45*57.5~CAS*PR*3*20~REF*6R*263750694060~AMT*B6*92.5~SE*30*0001~ST*835*0002~BPR*I*80*C*CHK************20130926~TRN*1*OD40538446*1411289245*000087726~DTM*405*20130926~N1*PR*UNITED HEALTHCARE INSURANCE COMPANY*XV*87726~N3*EMPIRE MHSA SERVICE CENTER*PO BOX 5190~N4*KINGSTON*NY*124025190~REF*2U*87726~PER*CX*EMPIRE MHSA SERVICE CENTER*TE*8777697447~N1*PE*NANCY SAXTON LOPEZ*XX*1053490193~N3*6 PROSPECT ST STE 3B~N4*MIDLAND PARK*NJ*074320000~REF*TJ*096386775~LX*1~TS3*1053490193*11*20131231*1*250~CLP*750671830*1*250*80*40*12*4272996074 0285809988*11~NM1*QC*1*MORRIS*LINDA~NM1*IL*1*MORRIS*LINDA****MI*890149798~NM1*74*1*MORRIS*L*B~REF*1L*715116~REF*CE*OPT PPO~REF*G1*97NL8W-01 (OPTU~DTM*050*20130917~DTM*232*20130903~DTM*233*20130910~AMT*AU*250~SVC*HC:90834*125*40**1~DTM*472*20130903~CAS*CO*45*65~CAS*PR*3*20~REF*6R*338750671830~AMT*B6*60~SVC*HC:90834*125*40**1~DTM*472*20130910~CAS*CO*45*65~CAS*PR*3*20~REF*6R*339750671830~AMT*B6*60~SE*39*0002~ST*835*0003~BPR*I*83.25*C*CHK************20130926~TRN*1*PG08217087*1411289245*000087726~DTM*405*20130926~N1*PR*UNITED HEALTHCARE INSURANCE COMPANY*XV*87726~N3*KINGSTON SERVICE CENTER*PO BOX 740800~N4*ATLANTA*GA*303740800~REF*2U*87726~PER*CX*KINGSTON SERVICE CENTER*TE*8778423210~N1*PE*ROSEMARY T ARENA*XX*1033218813~N3*49 MARKET ST~N4*SADDLE BROOK*NJ*076630000~REF*TJ*053327939~LX*1~TS3*1033218813*11*20131231*1*150~CLP*752404994*1*150*83.25**14*4277679799 0009117307*11~NM1*QC*1*PIAZZA*MARYANN~NM1*IL*1*PIAZZA*PAUL****MI*860483116~NM1*74*1*PIAZZA*PAUL*A~REF*1L*730542~REF*CE*CHOYC~DTM*050*20130920~DTM*232*20130911~AMT*AU*150~SVC*HC:90834*150*83.25**1~DTM*472*20130911~CAS*CO*45*66.75~REF*6R*602752404994~AMT*B6*83.25~SE*30*0003~GE*3*155621040~IEA*1*155621040~
