ISA*00*          *00*          *ZZ*330897513      *ZZ*ASSOCIATEDBC   *131001*0239*^*00501*155759630*0*P*:~GS*HP*330897513*ASSOCIATEDBC*20131001*0239*155759630*X*005010X221A1~ST*835*0001~BPR*I*55*C*CHK************20130926~TRN*1*257927764*1591031071~REF*EV*870426777~REF*F2*1~DTM*405*20130928~N1*PR*CIGNA HEALTH AND LIFE INSURANCE COMPANY~N3*P. O. BOX 182223~N4*CHATTANOOGA*TN*374227223~PER*BL*HP*EM*CLAIMS.INTAKE.APP.SUPPORT@HP.COM~PER*IC**UR*WWW.CIGNAFORHCP.COM~N1*PE*MAUREEN WIESE-WAIBEL MSW*XX*1902991391~N3*800 RARITAN RD~N4*CLARK*NJ*070661710~REF*TJ*262135919~LX*1~CLP*105800A130924*1*125*55*15*13*8651326801230*11*1~NM1*QC*1*SINGER*JASON*D***MI*U0184931601~NM1*82*1*WIESE-WAIBEL*MAUREEN****FI*262135919~REF*1L*3176426~REF*CE*OPEN ACCESS PLUS~DTM*050*20130925~DTM*232*20130917~DTM*233*20130917~PER*CX*MEMBER SERVICES*TE*8002446224~AMT*AU*70~SVC*HC:90834*125*55**1~CAS*CO*45*55~CAS*PR*3*15~REF*6R*0~AMT*B6*70~SE*32*0001~ST*835*0002~BPR*I*60*C*CHK************20130926~TRN*1*257946117*1060303370~REF*EV*870426777~REF*F2*1~DTM*405*20130928~N1*PR*CONNECTICUT GENERAL LIFE INSURANCE COMPANY~N3*P.O. BOX 182223~N4*CHATTANOOGA*TN*374227223~PER*BL*HP*EM*CLAIMS.INTAKE.APP.SUPPORT@HP.COM~PER*IC**UR*WWW.CIGNAFORHCP.COM~N1*PE*MAUREEN WIESE-WAIBEL MSW*XX*1902991391~N3*800 RARITAN RD~N4*CLARK*NJ*070661710~REF*TJ*262135919~LX*1~CLP*106500A130924*1*125*60*10*13*7681326805094*11*1~NM1*QC*1*MORSELLO*MARYANN****MI*U4594838502~NM1*IL*1*MORSELLO*TED****MI*U4594838501~NM1*82*1*WIESE-WAIBEL*MAUREEN****FI*262135919~REF*1L*3335083~REF*CE*OPEN ACCESS PLUS~DTM*050*20130925~DTM*232*20130918~DTM*233*20130918~PER*CX*MEMBER SERVICES*TE*8002446224~AMT*AU*70~SVC*HC:90834*125*60**1~CAS*CO*45*55~CAS*PR*3*10~REF*6R*0~AMT*B6*70~SE*33*0002~ST*835*0003~BPR*I*66.72*C*CHK************20130927~TRN*1*0014214925*1411648670~REF*EV*870426777~DTM*405*20130928~N1*PR*CIGNA BEHAVIORAL HEALTH~N3*PO BOX 46270~N4*EDEN PRAIRIE*MN*55344~PER*BL*HP*EM*CLAIMS.INTAKE.APP.SUPPORT@HP.COM~PER*IC**UR*WWW.CIGNAFORHCP.COM~PER*CX*CUSTOMER SERVICE*TE*8009262273~N1*PE*MAUREEN WIESE-WAIBEL LLC*XX*1902991391~N3*800 RARITAN RD~N4*CLARK*NJ*07066~REF*TJ*262135919~LX*1~CLP*106800A130924*1*125*66.72**HM*13267Z3286*11*1~NM1*QC*1*FULLER*KAREN****MI*U01941140~NM1*IL*1*FULLER*JOHN****MI*155547624~NM1*82*1*WIESE-WAIBEL*MAUREEN****FI*119567146~REF*1L*3982249~REF*CE*INTEGRATED W/FTF STC 1-8 (NO W~REF*G1*135028204~DTM*050*20130925~DTM*232*20130918~DTM*233*20130918~PER*CX*CUSTOMER SERVICE*TE*8009262273~AMT*AU*66.72~SVC*HC:99404*125*66.72**1~CAS*CO*45*58.28~REF*6R*0~REF*0K*3982249~AMT*B6*66.72~SE*34*0003~ST*835*0004~BPR*I*165*C*CHK************20130927~TRN*1*0005967283*1411648670~REF*EV*870426777~DTM*405*20130928~N1*PR*CIGNA BEHAVIORAL HEALTH~N3*PO BOX 46270~N4*EDEN PRAIRIE*MN*55344~PER*BL*HP*EM*CLAIMS.INTAKE.APP.SUPPORT@HP.COM~PER*IC**UR*WWW.CIGNAFORHCP.COM~PER*CX*CUSTOMER SERVICE*TE*8009262273~N1*PE*DANIEL EDELMAN PSYD PC*XX*1891744421~N3*13 EAGLE TER~N4*WEST ORANGE*NJ*07052~REF*TJ*203009626~LX*1~CLP*752347279*1*450*165*75*HM*13262Z3027*11*1~NM1*QC*1*GONSALVES*JOHN****MI*U01440289~NM1*82*1*EDELMAN*DANIEL*M***XX*1629041165~REF*1L*4941860~REF*CE*INTEGRATED W/FTF STC 1-8 (NO W~DTM*050*20130920~DTM*232*20130826~DTM*233*20130909~PER*CX*CUSTOMER SERVICE*TE*8009262273~AMT*AU*240~SVC*HC:90834*150*55**1~DTM*150*20130826~DTM*151*20130826~CAS*CO*45*70~CAS*PR*3*25~REF*6R*730752347279~REF*0K*4941860~AMT*B6*80~SVC*HC:90834*150*55**1~DTM*150*20130906~DTM*151*20130906~CAS*CO*45*70~CAS*PR*3*25~REF*6R*731752347279~REF*0K*4941860~AMT*B6*80~SVC*HC:90834*150*55**1~DTM*150*20130909~DTM*151*20130909~CAS*CO*45*70~CAS*PR*3*25~REF*6R*732752347279~REF*0K*4941860~AMT*B6*80~SE*51*0004~ST*835*0005~BPR*I*43*C*ACH*CCP*01*002003119*DA*0040008488*1591031071**01*011200608*DA*191410030420*20131002~TRN*1*130928090000694*1591031071~REF*EV*870426777~REF*F2*1~DTM*405*20130929~N1*PR*CIGNA HEALTH AND LIFE INSURANCE COMPANY~N3*P. O. BOX 182223~N4*CHATTANOOGA*TN*374227223~PER*BL*HP*EM*CLAIMS.INTAKE.APP.SUPPORT@HP.COM~PER*IC**UR*WWW.CIGNAFORHCP.COM~N1*PE*KARIN D RAPEL KINNEY MSW*XX*1063567766~N3*191 VALLEY RD~N4*RAYMOND*ME*040716163~REF*TJ*141784965~LX*1~CLP*79900A130917*1*90*43*20*13*8651326694264*11*1~NM1*QC*1*GARDNER*THOMAS***JR*MI*U4775184601~NM1*74*1*GARDNER JR,JR*THOMAS****C*U4775184601~NM1*82*1*RAPEL KINNEY*KARIN*D***FI*141784965~REF*1L*3334944~REF*CE*OPEN ACCESS PLUS~DTM*050*20130923~DTM*232*20130909~DTM*233*20130909~PER*CX*MEMBER SERVICES*TE*8002446224~AMT*AU*63~SVC*HC:90834*90*43**1~CAS*CO*45*27~CAS*PR*3*20~REF*6R*05079900A130917~AMT*B6*63~SE*33*0005~ST*835*0006~BPR*I*122.77*C*CHK************20130927~TRN*1*157320461*1680000001~DTM*405*20130927~N1*PR*ANTHEM BLUE CROSS AND BLUE SHIELDME~N3*2 GANNETT DRIVE~N4*SOUTH PORTLAND*ME*041060000~REF*2U*680~PER*BL*ANTHEM BLUE CROSS AND BLUE SHIELD*TE*8003348262~N1*PE*K  KINNEY*XX*1063567766~N3*191 VALLEY RD~N4*RAYMOND*ME*040716163~REF*TJ*141784965~LX*1~CLP*999999999*1*90*58.53*14.63*12*26132630291400680*11*1~NM1*QC*1*HOTHAM*KIMBERLY*C***MI*680NQZ000AN0437552~NM1*74*1**RANDY****C*AN0437552~DTM*050*20130920~DTM*232*20130705~PER*CX*EDI HELPDESK*TE*8003348262~AMT*AU*73.16~SVC*HC:90834*90*58.53**1~DTM*472*20130705~CAS*PR*2*14.63~CAS*CO*45*16.84~REF*6R*000001~AMT*B6*73.16~CLP*83000A130917*1*90*63.16*10*15*26132610238400680*11*1~NM1*QC*1*BALKIR*ALPAY****MI*680EEAEEA4591F0658~NM1*74*1******C*EEA201088344~DTM*050*20130918~DTM*232*20130903~PER*CX*EDI HELPDESK*TE*8003348262~AMT*AU*73.16~SVC*HC:90834*90*63.16**1~DTM*472*20130903~CAS*PR*3*10~CAS*CO*45*16.84~REF*6R*0~AMT*B6*73.16~CLP*999999999*22*-100*0**15*26132470285400680*11*1~NM1*QC*1*FROST*TAMARA****MI*680NDUNDU149A76573~NM1*IL*1*FROST*DARIN****MI*680NDUNDU149A76573~NM1*74*1******C*NDU149A76573~DTM*050*20130923~DTM*232*20130305~PER*CX*EDI HELPDESK*TE*8003348262~SVC*HC:90847*-100*0**1~DTM*472*20130305~CAS*PR*18*-100~REF*6R*000001~CLP*999999999*1*100*64.24*25*15*26132470285402680*11*1~NM1*QC*1*FROST*TAMARA****MI*680NDUNDU149A76573~NM1*IL*1*FROST*DARIN****MI*680NDUNDU149A76573~NM1*74*1******C*NDU149A76573~REF*F8*26132470285400680~DTM*050*20130923~DTM*232*20130305~PER*CX*EDI HELPDESK*TE*8003348262~AMT*AU*89.24~SVC*HC:90847*100*64.24**1~DTM*472*20130305~CAS*PR*3*25~CAS*CO*45*10.76~REF*6R*000001~AMT*B6*89.24~PLB*1063567766*20131231*WO:3200002430-26132470285402*63.16~SE*68*0006~ST*835*0007~BPR*I*54*C*CHK************20130927~TRN*1*2010012784*1061475928~REF*EV*AE02079C~DTM*405*20130927~N1*PR*ANTHEM BCBS OF CT~N3*370 BASSETT ROAD~N4*NORTH HAVEN*CT*064734201~PER*CX*EDI HELP DESK*TE*8003348262~PER*BL*EDI SOLUTIONS*TE*8003348262*EM*EDIHELPDESK-NE@WELLPOINT.COM~N1*PE*BEAZLEY JONATHAN C*XX*1619185469~N3*103 MANSFIELD HOLLOW RD~N4*MANSFIELD CENTER*CT*062500000~REF*TJ*454403457~LX*1~CLP*95000A130918*1*100*54*25*12*P379341300*11*1~NM1*QC*1*OLEARY*DYLAN****MI*MTN 981661438~NM1*IL*1*OLEARY*PATRICK****MI*MTN 981661438~NM1*74*1******C*MTN981661438~NM1*82*1*BEAZLEY*JONATHAN****BS*410000631CT03~DTM*050*20130919~DTM*232*20130912~DTM*233*20130912~SVC*HC:90846*100*54~DTM*472*20130912~CAS*PR*3*25~CAS*CO*45*21~REF*6R*0~AMT*B6*79~SE*30*0007~GE*7*155759630~IEA*1*155759630~
