ISA*00*          *00*          *ZZ*330897513      *ZZ*ASSOCIATEDBC   *131001*1122*^*00501*155826292*0*P*:~GS*HP*330897513*ASSOCIATEDBC*20131001*1122*155826292*X*005010X221A1~ST*835*0001~BPR*I*140.13*C*ACH*CCP*01*021200025*DA*2000012995156*1216000928*021200025*01*221283512*DA*95665700570381*20131004~TRN*1*3AG133420*1216000928*021200025~REF*EV*9904204~DTM*405*20130927~N1*PR*NEW JERSEY MEDICAID~N3*3705 QUAKERBRIDGE ROAD, SUITE 101~N4*TRENTON*NJ*086191288~PER*CX*NEW JERSEY MEDICAID PROVIDER SERVICES*TE*8007766334~PER*BL*NEW JERSEY EDI UNIT*TE*6095886051*EM*NJMMISEDI@MOLINAHEALTHCARE.COM*FX*6095848268~PER*IC**UR*WWW.NJMMIS.COM~N1*PE*WAY          KAREN      GPHD*XX*1477603942~REF*PQ*0225177~REF*TJ*008388097~LX*1~CLP*102800A130923*1*150*35.64**MC*201326854769201*11*1~NM1*QC*1*TRANTAS  JR.*JOSEPH****MR*043025330602~DTM*232*20130910~DTM*233*20130910~AMT*AU*35.64~SVC*HC:90834*150*35.64**1**0~DTM*472*20130910~CAS*CO*45*114.36~REF*6R*0~AMT*B6*35.64~CLP*103100A130923*1*150*35.64**MC*201326854769301-0306*11*1~NM1*QC*1*DIX-MOON*KIMBERLI****MR*123035462701~DTM*232*20130911~DTM*233*20130911~AMT*AU*35.64~SVC*HC:90834*150*35.64**1**0~DTM*472*20130911~CAS*CO*45*114.36~REF*6R*0~AMT*B6*35.64~LQ*HE*MA80~CLP*103600A130923*1*150*35.64**MC*201326854769401*11*1~NM1*QC*1*TRANTAS  JR.*JOSEPH****MR*043025330602~DTM*232*20130912~DTM*233*20130912~AMT*AU*35.64~SVC*HC:90834*150*35.64**1**0~DTM*472*20130912~CAS*CO*45*114.36~REF*6R*0~AMT*B6*35.64~CLP*104000A130923*1*150*35.64**MC*201326854769501-0306*11*1~NM1*QC*1*DIX-MOON*KIMBERLI****MR*123035462701~DTM*232*20130913~DTM*233*20130913~AMT*AU*35.64~SVC*HC:90834*150*35.64**1**0~DTM*472*20130913~CAS*CO*45*114.36~REF*6R*0~AMT*B6*35.64~LQ*HE*MA80~PLB*1477603942*20131231*CS:20131870138*2.43~SE*59*0001~GE*1*155826292~IEA*1*155826292~
