ISA*00*          *00*          *ZZ*330897513      *ZZ*ASSOCIATEDBC   *131001*1122*U*00401*155826326*0*P*:~GS*HP*330897513*ASSOCIATEDBC*20131001*1122*155826326*X*004010X091A1~ST*835*0001~BPR*I*49*C*CHK************20130927~TRN*1*157336889*1220999690*22099~DTM*405*20130927~N1*PR*HORIZON BCBSNJ~N3*3 PENN PLAZA~N4*NEWARK*NJ*071010420~REF*2U*22099~PER*CX**TE*8883349242~N1*PE*M M WIESE WAIBEL LCSW*XX*1902991391~N3*800 RARITAN ROAD~N4*CLARK*NJ*070661710~REF*TJ*262135919~LX*1~CLP*106100A130924*1*125*49*20*12*27132693201600780*11*1~NM1*QC*1*MULLIGAN*CHERYL****MI*R58027107~NM1*IL*1*MULLIGAN*THOMAS****MI*R58027107~DTM*050*20130926~DTM*232*20130918~AMT*AU*69~SVC*HC:90834*125*49**1~DTM*472*20130918~CAS*PR*2*20~CAS*CO*45*56~REF*6R*0~AMT*B6*69~SE*27*0001~ST*835*0002~BPR*I*190*C*ACH*CCP*01*031100225*DA*2079950064280/*1220999690**01*231372691*DA*0181143836*20130928~TRN*1*0004304892*1220999690*8352013092923230821~REF*EV*1902991391~DTM*405*20130928~N1*PR*HORIZON BCBSNJ~N3*PAYOR ADDRESS 1~N4*NEWARK*NJ*071010420~REF*2U*22099~N1*PE*M M WIESE WAIBEL LCSW*XX*1902991391~N3*800 RARITAN RD~N4*CLARK*NJ*070661710~REF*PQ*2621359190~REF*TJ*262135919~LX*1~CLP*106000A130924*1*125*50*10*13*780271326932389   00**1~NM1*QC*1*BONILLA*NANCY****MI*NJX3HZN71563020~NM1*82*2*M M WIESE WAIBEL LCSW*****XX*1902991391~DTM*050*20130926~DTM*232*20130917~DTM*233*20130917~PER*CX*NJ DIRECT*TE*8006241110~AMT*AU*60~AMT*T2*50~SVC*HC:99199*125*50**1*HC:90834~DTM*472*20130917~CAS*PR*3*10~CAS*CO*45*65~REF*6R*0~REF*HPI*1902991391~AMT*B6*60~CLP*105300A130924*1*125*45*15*13*780271326932021   00**1~NM1*QC*1*CORNWELL*ELIZABETH****MI*3HZN852616900~NM1*74*1*CORNWELL*ELIZABETH*H***C*NJX3HZN85261690~NM1*82*2*M M WIESE WAIBEL LCSW*****XX*1902991391~DTM*050*20130926~DTM*232*20130916~DTM*233*20130916~PER*CX*NJ DIRECT*TE*8006241110~AMT*AU*60~AMT*T2*45~SVC*HC:99199*125*45**1*HC:90834~DTM*472*20130916~CAS*PR*3*15~CAS*CO*45*65~REF*6R*0~REF*HPI*1902991391~AMT*B6*60~CLP*107100A130924*1*125*50*10*13*780271326932380   00**1~NM1*QC*1*DANIELSON*CHRISTINE****MI*NJX3HZN77593920~NM1*IL*1*FAUGHNAN*RICHARD****MI*3HZN775939201~NM1*74*1*FAUGHNAN*RICHARD*F***C*3HZN775939201~NM1*82*2*M M WIESE WAIBEL LCSW*****XX*1902991391~DTM*050*20130926~DTM*232*20130919~DTM*233*20130919~PER*CX*NJ DIRECT*TE*8006241110~AMT*AU*60~AMT*T2*50~SVC*HC:99199*125*50**1*HC:90834~DTM*472*20130919~CAS*PR*3*10~CAS*CO*45*65~REF*6R*0~REF*HPI*1902991391~AMT*B6*60~CLP*107500A130924*1*125*45*15*13*780271326932388   00**1~NM1*QC*1*LENAHAN*MEAGHAN****MI*3HZN361915300~NM1*74*1*LENAHAN*MEAGHAN*M***C*NJX3HZN36191530~NM1*82*2*M M WIESE WAIBEL LCSW*****XX*1902991391~DTM*050*20130926~DTM*232*20130919~DTM*233*20130919~PER*CX*NJ DIRECT*TE*8006241110~AMT*AU*60~AMT*T2*45~SVC*HC:99199*125*45**1*HC:90834~DTM*472*20130919~CAS*PR*3*15~CAS*CO*45*65~REF*6R*0~REF*HPI*1902991391~AMT*B6*60~SE*84*0002~ST*835*0003~BPR*I*219.7*C*ACH*CCP*01*031100225*DA*2079950064280/*1220999690**01*021200025*DA*2000030280694*20130928~TRN*1*0004300966*1220999690*8352013092923240966~REF*EV*1598809212~DTM*405*20130928~N1*PR*HORIZON BCBSNJ~N3*PAYOR ADDRESS 1~N4*NEWARK*NJ*071010420~REF*2U*22099~N1*PE*W BENTON PHD*XX*1598809212~N3*PO BOX 3524~N4*UNION*NJ*070831896~REF*PQ*2083116130~REF*TJ*208311613~LX*1~CLP*751861630*1*175*65.7*7.3*13*780261326387440   00**1~NM1*QC*1*MCCOMBS*JEREMY****MI*NJX3HZN87377660~NM1*IL*1*MCCOMBS*ROSLYN****MI*3HZN873776600~NM1*74*1*MCCOMBS*ROSLYN*R***C*3HZN873776600~NM1*82*2*W  BENTON PHD*****XX*1598809212~DTM*050*20130920~DTM*232*20130914~DTM*233*20130914~PER*CX*NJ DIRECT*TE*8006241110~AMT*AU*73~AMT*T2*65.7~SVC*HC:90847*175*65.7**1~DTM*472*20130914~CAS*PR*2*7.3~CAS*CO*45*102~REF*6R*018751861630~REF*HPI*1598809212~AMT*B6*73~CLP*754598868*1*160*77*15*12*780271327002828   00**1~NM1*QC*1*MITTA*IRENE****MI*YHB3HZN65683260~NM1*82*2*W  BENTON PHD*****XX*1598809212~DTM*050*20130927~DTM*232*20130917~DTM*233*20130917~PER*CX*NATIONAL ACCOUNTS SERVICED IN MT.LAUREL*TE*8006244758~AMT*AU*92~AMT*T2*77~SVC*HC:99199*160*77**1*HC:90834~DTM*472*20130917~CAS*PR*3*15~CAS*CO*45*68~REF*6R*892754598868~REF*HPI*1598809212~AMT*B6*92~CLP*754598871*1*160*77*15*12*780261327075367   00**1~NM1*QC*1*SOLOMON*VANETTA****MI*3HZN539855400~NM1*74*1*SOLOMON*VANETTA*L***C*YHB3HZN53985540~NM1*82*2*W  BENTON PHD*****XX*1598809212~DTM*050*20130927~DTM*232*20130917~DTM*233*20130917~PER*CX*NATIONAL ACCOUNTS SERVICED IN MT.LAUREL*TE*8006244758~AMT*AU*92~AMT*T2*77~SVC*HC:99199*160*77**1*HC:90834~DTM*472*20130917~CAS*PR*3*15~CAS*CO*45*68~REF*6R*895754598871~REF*HPI*1598809212~AMT*B6*92~SE*67*0003~ST*835*0004~BPR*H*0*C*NON************20130927~TRN*1*F492555031*1220999690*22099~DTM*405*20130927~N1*PR*HORIZON BCBSNJ~N3*3 PENN PLAZA~N4*NEWARK*NJ*071010420~REF*2U*22099~PER*CX**TE*8883349242~N1*PE*M M WIESE WAIBEL LCSW*XX*1902991391~N3*800 RARITAN ROAD~N4*CLARK*NJ*070660000~REF*TJ*262135919~LX*1~CLP*R58551940*22*-125*-49**12*26132358452600780*11*1~NM1*QC*1*LIHOU*MARY****MI*R58551940~DTM*050*20130924~DTM*232*20130624~SVC*HC:90834*-125*-49**1~DTM*472*20130624~CAS*CR*45*-56~CAS*CR*2*-20~REF*6R*015R58551940~CLP*R58551940*4*125*0**12*26132358452602780*11*1~NM1*QC*1*LIHOU*MARY****MI*R58551940~REF*F8*26132358452600780~DTM*050*20130924~DTM*232*20130624~SVC*HC:90834*125*0**1~DTM*472*20130624~CAS*CO*112*125~REF*6R*015R58551940~PLB*1902991391*20131231*WO:26132358452600780*-49~SE*34*0004~GE*4*155826326~IEA*1*155826326~
