ISA*00*          *00*          *ZZ*330897513      *ZZ*ASSOCIATEDBC   *131001*0929*U*00401*155811307*0*P*:~GS*HP*330897513*ASSOCIATEDBC*20131001*0929*155811307*X*004010X091A1~ST*835*0001~BPR*I*45.24*C*CHK************20130930~TRN*1*1151534276*1362739571*000036273~DTM*405*20130930~N1*PR*UNITED HEALTH CARE*XV*36273~N3*PO BOX 740819~N4*ATLANTA*GA*303740819~PER*CX*CUSTOMER SERVICE*TE*8002277789~N1*PE*SAXTON LOPEZ        NANCY*XX*1053490193~N3*6 PROSPECT ST STE 3C~N4*MIDLAND PARK*NJ*074321634~REF*TJ*096386775~LX*1~TS3*1053490193*11*20131231*1*125~CLP*075404819 T*2*125*22.62**15*325482145021*11*1~NM1*QC*1*HEMPHILL*PATRICIA****MI*31730357411~DTM*050*20130911~DTM*232*20130719~AMT*AU*64.63~SVC*HC:90834*125*22.62**0~DTM*472*20130719~CAS*CO*23*102.38~REF*6R*LX#01~AMT*B6*64.63~LX*2~TS3*1053490193*11*20131231*1*125~CLP*075404819 T*2*125*22.62**15*326902248791*11*1~NM1*QC*1*HEMPHILL*PATRICIA****MI*31730357411~DTM*050*20130926~DTM*232*20130807~AMT*AU*64.63~SVC*HC:90834*125*22.62**0~DTM*472*20130807~CAS*CO*23*102.38~REF*6R*LX#01~AMT*B6*64.63~SE*37*0001~ST*835*0002~BPR*H*0*C*NON************20130928~TRN*1*030928Z000559*1942649097*000087726~DTM*405*20130928~N1*PR*UNITED HEALTHCARE INSURANCE COMPANY*XV*87726~N3*P.O. BOX 1459-ROUTE MN010-S155~N4*MINNEAPOLIS*MN*554401459~REF*2U*87726~PER*CX*UNITED HEALTHCARE SERVICES, IN*TE*8778423210~N1*PE*JONATHAN  BEAZLEY  LMFT*XX*1619185469~N3*106 DOWD ST~N4*NEWINGTON*CT*061112609~REF*TJ*454403457~LX*1~CLP*94300A130918*1*100*0*60*HM*UCT6101898400*11~NM1*QC*1*RIOS*CARLOS****MI*97031873202~NM1*74*1*RIOS*JEAN****C*970318732~REF*1L*68730~REF*CE*MEDICAL PHARMACY~DTM*050*20130919~DTM*232*20130909~SVC*HC:90834*100*0**1~DTM*472*20130909~CAS*PR*1*60~CAS*CO*45*40~REF*6R*0~AMT*B6*60~SE*28*0002~ST*835*0003~BPR*I*60*C*CHK************20130927~TRN*1*519169*1942649097*000087726~DTM*405*20130928~N1*PR*UNITED HEALTHCARE INSURANCE COMPANY*XV*87726~N3*P.O. BOX 30535~N4*SALT LAKE CITY*UT*84130~REF*2U*87726~REF*EO*1805600001~N1*PE*MAUREEN WIESE WAIBEL*XX*1902991391~N3*800 RARITAN RD~N4*CLARK*NJ*070661710~REF*TJ*262135919~LX*1~CLP*104800A130924*1*125*60**15*13X357872700*11~NM1*QC*1*COSBY*SHANNON****MI*145849730~REF*1L*12160~REF*BB*RWMT4E-01~REF*CE*NATL STD-MSW~DTM*050*20130925~AMT*AU*60~SVC*HC:90834:HJ*125*60**1~DTM*472*20130903~CAS*CO*45*65~REF*6R*0~AMT*B6*60~SE*27*0003~GE*3*155811307~IEA*1*155811307~
