ISA*00*          *00*          *ZZ*330897513      *ZZ*ASSOCIATEDBC   *131001*1849*^*00501*155921020*0*P*:~GS*HP*330897513*ASSOCIATEDBC*20131001*1849*155921020*X*005010X221A1~ST*835*0001~BPR*I*40*C*CHK************20131001~TRN*1*09820-004222177*1066033492~REF*EV*330897513~DTM*405*20131001~N1*PR*AETNA~N3*151 FARMINGTON AVENUE~N4*HARTFORD*CT*06156~PER*BL*PROVIDER SERVICE~N1*PE*MAUREEN M WIESE WAIBEL, MSW LCSW, LLC*XX*1902991391~N3*800 RARITAN RD~N4*CLARK*NJ*070661710~REF*PQ*291480930~REF*TJ*262135919~LX*1~TS3*1902991391*11*20131231*1*125~CLP*108100A130924*1*125*40*20*13*E6YZ8WJN40000*11*1~NM1*QC*1*COHEN*REBECCA****MI*W191014667~NM1*82*1*WIESE*MAUREEN****XX*1902991391~REF*1L*0837112-010-00001- A~DTM*050*20130925~DTM*232*20130920~DTM*233*20130920~PER*CX**TE*8886323862~AMT*AU*125~SVC*HC:90834*125*40**1~DTM*472*20130920~CAS*CO*45*65~CAS*PR*3*20~AMT*B6*60~SE*31*0001~ST*835*0002~BPR*I*197*C*CHK************20131001~TRN*1*08325-093647928*1066033492~REF*EV*330897513~DTM*405*20131001~N1*PR*AETNA~N3*151 FARMINGTON AVENUE~N4*HARTFORD*CT*06156~PER*BL*PROVIDER SERVICE~N1*PE*MAUREEN M WIESE WAIBEL, MSW LCSW, LLC*XX*1902991391~N3*800 RARITAN RD~N4*CLARK*NJ*070661710~REF*PQ*291480930~REF*TJ*262135919~LX*1~TS3*1902991391*11*20131231*4*500~CLP*105100A130924*1*125*54*6*13*E5AA8T8XR0000*11*1~NM1*QC*1*OSTER*FAITH~NM1*IL*1*SILVERMAN*JOEL****MI*W107315521~NM1*82*1*WIESE*MAUREEN****XX*1902991391~REF*1L*0100462-039-00001-CB~DTM*050*20130925~DTM*232*20130916~DTM*233*20130916~PER*CX**TE*8886323862~AMT*AU*125~SVC*HC:90834*125*54**1~DTM*472*20130916~CAS*CO*45*65~CAS*PR*2*6~AMT*B6*60~CLP*105600A130924*1*125*54*6*13*E5JK8T8BD0000*11*1~NM1*QC*1*PICHON*BARBARA~NM1*IL*1*PICHON*JOHN****MI*W066897289~NM1*82*1*WIESE*MAUREEN****XX*1902991391~REF*1L*0800215-018-00001- I~DTM*050*20130925~DTM*232*20130917~DTM*233*20130917~PER*CX**TE*8886323862~AMT*AU*125~SVC*HC:90834*125*54**1~DTM*472*20130917~CAS*CO*45*65~CAS*PR*2*6~AMT*B6*60~CLP*105700A130924*1*125*35*25*13*E5TV8T8BB0000*11*1~NM1*QC*1*FERENCHIAK-COLE*KATHLEEN~NM1*IL*1*COLE*KEVIN****MI*W02734813503~NM1*74*1***W***C*W027348135~NM1*82*1*WIESE*MAUREEN****XX*1902991391~REF*1L*0885594-010-00001-CA~DTM*050*20130925~DTM*232*20130917~DTM*233*20130917~PER*CX**TE*8886323862~AMT*AU*125~SVC*HC:90834*125*35**1~DTM*472*20130917~CAS*CO*45*65~CAS*PR*3*25~AMT*B6*60~CLP*107200A130924*1*125*54*6*13*E6PA8WCSQ0000*11*1~NM1*QC*1*PICHON*BARBARA~NM1*IL*1*PICHON*JOHN****MI*W066897289~NM1*82*1*WIESE*MAUREEN****XX*1902991391~REF*1L*0800215-018-00001- I~DTM*050*20130925~DTM*232*20130919~DTM*233*20130919~PER*CX**TE*8886323862~AMT*AU*125~SVC*HC:90834*125*54**1~DTM*472*20130919~CAS*CO*45*65~CAS*PR*2*6~AMT*B6*60~SE*78*0002~ST*835*0003~BPR*I*136*C*CHK************20131001~TRN*1*09822-011918952*1066033492~REF*EV*330897513~DTM*405*20131001~N1*PR*AETNA~N3*151 FARMINGTON AVENUE~N4*HARTFORD*CT*06156~PER*BL*PROVIDER SERVICE~N1*PE*WAY, KAREN G*XX*1477603942~N3*38 JUNIPER LN~N4*PISCATAWAY*NJ*088545632~REF*PQ*043407810~REF*TJ*264523736~LX*1~TS3*1477603942*11*20131231*2*300~CLP*103300A130923*1*150*63*10*12*EBFA9DKZV0000*11*1~NM1*QC*1*DUNCAN*DONNA****MI*W164954152~NM1*82*1*WAY*KAREN*G***XX*1477603942~REF*1L*0475011-010-00062- A~DTM*050*20130924~DTM*232*20130911~DTM*233*20130911~PER*CX**TE*8886323862~AMT*AU*150~SVC*HC:90834*150*63**1~DTM*472*20130911~CAS*CO*45*77~CAS*PR*3*10~AMT*B6*73~CLP*103700A130923*1*150*73**13*EBYZ9DVQC0000*11*1~NM1*QC*1*BELCHEFF*GABRIELLE~NM1*IL*1*BELCHEFF*JACK****MI*W170688934~NM1*82*1*WAY*KAREN*G***XX*1477603942~REF*1L*0711155-011-00001-CB~REF*CE*AETNA CHOICE  POS II NET 01449~DTM*050*20130924~DTM*232*20130912~DTM*233*20130912~PER*CX**TE*8886323862~AMT*AU*150~SVC*HC:90834*150*73**1~DTM*472*20130912~CAS*CO*45*77~AMT*B6*73~SE*46*0003~ST*835*0004~BPR*I*204*C*CHK************20131001~TRN*1*08325-093650527*1066033492~REF*EV*330897513~DTM*405*20131001~N1*PR*AETNA~N3*151 FARMINGTON AVENUE~N4*HARTFORD*CT*06156~PER*BL*PROVIDER SERVICE~N1*PE*WAY, KAREN G*XX*1477603942~N3*38 JUNIPER LN~N4*PISCATAWAY*NJ*088545632~REF*PQ*043407810~REF*TJ*264523736~LX*1~TS3*1477603942*11*20131231*3*450~CLP*102700A130923*1*150*73**13*EATV9DPW50000*11*1~NM1*QC*1*MURRAY*JANET E.~NM1*IL*1*MURRAY*EDWARD****MI*W142719997~NM1*82*1*WAY*KAREN*G***XX*1477603942~REF*1L*0818702-013-00004-HF~DTM*050*20130924~DTM*232*20130910~DTM*233*20130910~PER*CX**TE*8886323862~AMT*AU*150~SVC*HC:90834*150*73**1~DTM*472*20130910~CAS*CO*45*77~AMT*B6*73~CLP*93900A130918*2*150*73**13*E6YZ8WH020000*11~NM1*QC*1*MORE PROVIDENCE~NM1*74*1*DOWNIE*STEVE****C*W074507621~NM1*82*1*WAY*KAREN*G***XX*1477603942~REF*1L*0718715-011-00003-CA~DTM*050*20130924~DTM*232*20130814~DTM*233*20130814~PER*CX**TE*8886323862~AMT*AU*150~SVC*HC:90834*150*73**1~DTM*472*20130814~CAS*CO*45*77~REF*6R*00000000001~AMT*B6*73~CLP*104300A130923*1*150*58*15*13*E8YZ8V1PH0000*11*1~NM1*QC*1*HANNAN*KATHLEEN~NM1*IL*1*HANNAN*MARGARET****MI*W144529269~NM1*82*1*WAY*KAREN*G***XX*1477603942~REF*1L*0701087-022-00003-UA~DTM*050*20130925~DTM*232*20130911~DTM*233*20130911~PER*CX**TE*8886323862~AMT*AU*150~SVC*HC:90834*150*58**1~DTM*472*20130911~CAS*CO*45*77~CAS*PR*3*15~REF*6R*700104300A130923~AMT*B6*73~SE*62*0004~GE*4*155921020~IEA*1*155921020~
