ISA*00*          *00*          *ZZ*330897513      *ZZ*ASSOCIATEDBC   *131002*0937*U*00401*156004335*0*P*:~GS*HP*330897513*ASSOCIATEDBC*20131002*0937*156004335*X*004010X091A1~ST*835*0001~BPR*I*249.75*C*CHK************20131001~TRN*1*LR10148287*1411289245*000087726~DTM*405*20131001~N1*PR*UNITED HEALTHCARE INSURANCE COMPANY*XV*87726~N3*ALCATEL LUCENT POS SERVICE CTR*P.O. BOX 740802~N4*ATLANTA*GA*303740802~REF*2U*87726~PER*CX*ALCATEL LUCENT POS SERVICE CTR*TE*8005778539~N1*PE*DONNA L MELNICK*XX*1326112780~N3*405 OMNI DR~N4*HILLSBOROUGH*NJ*088440000~REF*TJ*204745931~LX*1~TS3*1326112780*11*20131231*1*450~CLP*0*1*450*249.75**13*4286999865 0127349625*11~NM1*QC*1*ROBINSON*TONYIA~NM1*IL*1*ROBINSON*BERNARD****MI*916282568~NM1*74*1*ROBINSON*BERNARD*H~REF*1L*517000~REF*CE*CHOYC+~DTM*050*20130925~DTM*232*20130829~DTM*233*20130914~AMT*AU*450~SVC*HC:90834*150*83.25**1~DTM*472*20130829~CAS*CO*45*66.75~REF*6R*001~AMT*B6*83.25~SVC*HC:90834*150*83.25**1~DTM*472*20130912~CAS*CO*45*66.75~REF*6R*002~AMT*B6*83.25~SVC*HC:90834*150*83.25**1~DTM*472*20130914~CAS*CO*45*66.75~REF*6R*003~AMT*B6*83.25~SE*41*0001~ST*835*0002~BPR*I*288.04*C*CHK************20131001~TRN*1*PG40715360*1411289245*000087726~DTM*405*20131001~N1*PR*UNITED HEALTHCARE INSURANCE COMPANY*XV*87726~N3*BUFFALO SERVICE CENTER*PO BOX 740800~N4*ATLANTA*GA*303740800~REF*2U*87726~PER*CX*BUFFALO SERVICE CENTER*TE*8778423210~N1*PE*DONNA L MELNICK*XX*1326112780~N3*405 OMNI DR~N4*HILLSBOROUGH*NJ*088440000~REF*TJ*204745931~LX*1~TS3*1326112780*11*20131231*2*600~CLP*977131378*1*150*63.25*20*14*4286999870 0009183855*11~NM1*QC*1*BAEZ*HELEN~NM1*IL*1*BAEZ*EUGENE****MI*977131378~REF*1L*729803~REF*CE*CHOYC~DTM*050*20130925~DTM*232*20130909~AMT*AU*150~SVC*HC:90834*150*63.25**1~DTM*472*20130909~CAS*CO*45*66.75~CAS*PR*3*20~REF*6R*001~AMT*B6*83.25~CLP*0*1*450*224.79*24.96*13*4286999867 0063855723*11~NM1*QC*1*RICHARDS*HELOISA*A~NM1*IL*1*RICHARDS II*ROBERT*D***MI*003740600~NM1*74*1*RICHARDS*ROBERT*D~REF*1L*215825~REF*CE*CHOYC+~DTM*050*20130925~DTM*232*20130902~DTM*233*20130912~AMT*AU*450~SVC*HC:90834*150*74.93**1~DTM*472*20130902~CAS*CO*45*66.75~CAS*PR*2*8.32~REF*6R*001~AMT*B6*83.25~SVC*HC:90834*150*74.93**1~DTM*472*20130904~CAS*CO*45*66.75~CAS*PR*2*8.32~REF*6R*002~AMT*B6*83.25~SVC*HC:90834*150*74.93**1~DTM*472*20130912~CAS*CO*45*66.75~CAS*PR*2*8.32~REF*6R*003~AMT*B6*83.25~SE*58*0002~ST*835*0003~BPR*I*392.36*C*CHK************20131001~TRN*1*PH75702284*1411289245*000087726~DTM*405*20131001~N1*PR*UNITED HEALTHCARE INSURANCE COMPANY*XV*87726~N3*P O BOX 740800~N4*ATLANTA*GA*303740800~REF*2U*87726~PER*CX*SPRINGFIELD SERVICE CENTER*TE*8778423210~N1*PE*DONNA L MELNICK*XX*1326112780~N3*405 OMNI DR~N4*HILLSBOROUGH*NJ*088440000~REF*TJ*204745931~LX*1~TS3*1326112780*11*20131231*4*900~CLP*873078410*1*300*149.86*16.64*13*4286999871 0020576985*11~NM1*QC*1*DANDY*MELISSA~NM1*IL*1*DANDY*MELISSA****MI*873078410~NM1*74*1*DANDY*MELISSA*L~REF*1L*704110~REF*CE*CHOYC+~DTM*050*20130925~DTM*232*20130826~DTM*233*20130828~AMT*AU*300~SVC*HC:90834*150*74.93**1~DTM*472*20130826~CAS*CO*45*66.75~CAS*PR*2*8.32~REF*6R*001~AMT*B6*83.25~SVC*HC:90834*150*74.93**1~DTM*472*20130828~CAS*CO*45*66.75~CAS*PR*2*8.32~REF*6R*002~AMT*B6*83.25~CLP*930816189*1*150*58.75*25*13*4286999869 0007531139*11~NM1*QC*1*MURRAY*JEANNETTE~NM1*IL*1*MURRAY*JEANNETTE****MI*930816189~NM1*74*1*MURRAY*JEANETTE*R~REF*1L*751992~REF*CE*CHOYC+~DTM*050*20130925~DTM*232*20130826~AMT*AU*150~SVC*HC:90847*150*58.75**1~DTM*472*20130826~CAS*CO*45*66.25~CAS*PR*3*25~REF*6R*001~AMT*B6*83.75~CLP*0*1*150*63.25*20*13*4286999866 0085954898*11~NM1*QC*1*ROSS*CARYN~NM1*IL*1*ROSS*SCOTT****MI*834340738~REF*1L*183644~REF*CE*CHOYC+~DTM*050*20130925~DTM*232*20130904~AMT*AU*150~SVC*HC:90834*150*63.25**1~DTM*472*20130904~CAS*CO*45*66.75~CAS*PR*3*20~REF*6R*001~AMT*B6*83.25~CLP*0*1*300*120.5*46*13*4286999868 0031324155*11~NM1*QC*1*PETERSEN*STEPHANIE~NM1*IL*1*PETERSEN*JOHN****MI*919269870~REF*1L*710553~REF*CE*CHOYC+~DTM*050*20130925~DTM*232*20130904~DTM*233*20130911~AMT*AU*300~SVC*HC:90834*150*60.25**1~DTM*472*20130904~CAS*CO*45*66.75~CAS*PR*3*23~REF*6R*001~AMT*B6*83.25~SVC*HC:90834*150*60.25**1~DTM*472*20130911~CAS*CO*45*66.75~CAS*PR*3*23~REF*6R*002~AMT*B6*83.25~SE*88*0003~ST*835*0004~BPR*H*0*C*NON************20130930~TRN*1*QK00766305*1411289245*000087726~DTM*405*20130930~N1*PR*UNITED HEALTHCARE INSURANCE COMPANY*XV*87726~N3*SPRINGFIELD SERVICE CENTER*P O BOX 740800~N4*ATLANTA*GA*303740800~REF*2U*87726~PER*CX*SPRINGFIELD SERVICE CENTER*TE*8778423210~N1*PE*CYNTHIA MARY BRATMAN*XX*1184788275~N3*20 NASSAU ST STE 209~N4*PRINCETON*NJ*085420000~REF*TJ*200286572~LX*1~TS3*1184788275*11*20131231*1*525~CLP*0*1*525*0*525*13*4282860457 0007941887*11~NM1*QC*1*WALSON*MARGAUX~NM1*IL*1*WALSON*ERIKJAN****MI*967679569~NM1*74*1*WALSON*ERIK JAN~REF*1L*716913~REF*CE*CHOYC+~DTM*050*20130923~DTM*232*20130813~DTM*233*20130828~AMT*AU*276.72~SVC*HC:90834*175*0**1~DTM*472*20130813~CAS*PR*100*55.34**2*36.9**45*82.76~REF*6R*001~AMT*B6*92.24~SVC*HC:90834*175*0**1~DTM*472*20130821~CAS*PR*100*55.34**2*36.9**45*82.76~REF*6R*002~AMT*B6*92.24~SVC*HC:90834*175*0**1~DTM*472*20130828~CAS*PR*100*55.34**2*36.9**45*82.76~REF*6R*003~AMT*B6*92.24~SE*41*0004~GE*4*156004335~IEA*1*156004335~
