ISA*00*          *00*          *ZZ*330897513      *ZZ*ASSOCIATEDBC   *131002*2031*^*00501*156106778*0*P*:~GS*HP*330897513*ASSOCIATEDBC*20131002*2031*156106778*X*005010X221A1~ST*835*0001~BPR*I*95*C*ACH*CCP*01*011900445*DA*0000009046*1066033492**01*021200025*DA*2000030280694*20131007~TRN*1*813274350000571*1066033492~REF*EV*330897513~DTM*405*20131002~N1*PR*AETNA~N3*151 FARMINGTON AVENUE~N4*HARTFORD*CT*06156~PER*BL*PROVIDER SERVICE~N1*PE*BENTON, WAYMON*XX*1598809212~N3*PO BOX 3524~N4*UNION*NJ*070831896~REF*PQ*536778860~REF*TJ*208311613~LX*1~TS3*1598809212*11*20131231*4*640~CLP*754598861*1*160*30*30*13*EFFA9FYRT0000*11*1~NM1*QC*1*DELUCA*MARIA****MI*W187229724~NM1*82*1*BENTON*WAYMON****XX*1598809212~REF*1L*0836414-010-00001- A~DTM*050*20130926~DTM*232*20130917~DTM*233*20130917~PER*CX**TE*8886323862~AMT*AU*160~SVC*HC:90834*160*30**1~DTM*472*20130917~CAS*CO*45*100~CAS*PR*3*30~REF*6R*885754598861~AMT*B6*60~CLP*754598862*1*160*30*30*13*EFPA9FP1Z0000*11*1~NM1*QC*1*FLINT*STEPHANIE****MI*W198353706~NM1*82*1*BENTON*WAYMON****XX*1598809212~REF*1L*0836414-010-00067- A~DTM*050*20130926~DTM*232*20130917~DTM*233*20130917~PER*CX**TE*8886323862~AMT*AU*160~SVC*HC:90834*160*30**1~DTM*472*20130917~CAS*CO*45*100~CAS*PR*3*30~REF*6R*886754598862~AMT*B6*60~CLP*754598865*1*160*0*60*13*EFPA9FP260000*11*1~NM1*QC*1*HUNT*GRETCHEN****MI*W187229984~NM1*82*1*BENTON*WAYMON****XX*1598809212~REF*1L*0836414-015-00001- F~DTM*050*20130926~DTM*232*20130921~DTM*233*20130921~PER*CX**TE*8886323862~AMT*AU*160~SVC*HC:90834*160*0**1~DTM*472*20130921~CAS*CO*45*100~CAS*PR*1*60~REF*6R*889754598865~AMT*B6*60~CLP*754598869*1*160*35*25*13*EFPA9FP270000*11*1~NM1*QC*1*RENZI*RYAN****MI*W173669618~NM1*82*1*BENTON*WAYMON****XX*1598809212~REF*1L*0660361-010-00029-CA~DTM*050*20130926~DTM*232*20130918~DTM*233*20130918~PER*CX**TE*8886323862~AMT*AU*160~SVC*HC:90834*160*35**1~DTM*472*20130918~CAS*CO*45*100~CAS*PR*3*25~REF*6R*893754598869~AMT*B6*60~SE*77*0001~ST*835*0002~BPR*I*95*C*ACH*CCP*01*031100209*DA*0000009108*1066033492**01*021200025*DA*2000030280694*20131007~TRN*1*813274420000610*1066033492~REF*EV*330897513~DTM*405*20131002~N1*PR*AETNA~N3*151 FARMINGTON AVENUE~N4*HARTFORD*CT*06156~PER*BL*PROVIDER SERVICE~N1*PE*BENTON, WAYMON*XX*1598809212~N3*PO BOX 3524~N4*UNION*NJ*070831896~REF*PQ*536778860~REF*TJ*208311613~LX*1~TS3*1598809212*11*20131231*2*320~CLP*754598870*1*160*35*25*13*EFYZ9FWFR0000*11*1~NM1*QC*1*SAWANT*ASHVINI****MI*W189065579~NM1*82*1*BENTON*WAYMON****XX*1598809212~REF*1L*0477517-011-00000-CA~DTM*050*20130926~DTM*232*20130918~DTM*233*20130918~PER*CX**TE*8886323862~AMT*AU*160~SVC*HC:90834*160*35**1~DTM*472*20130918~CAS*CO*45*100~CAS*PR*3*25~REF*6R*894754598870~AMT*B6*60~CLP*754598872*1*160*60**13*EFYZ9FWGY0000*11*1~NM1*QC*1*TERIELL*MALA****MI*W201063423~NM1*74*1*TERRELL**R~NM1*82*1*BENTON*WAYMON****XX*1598809212~REF*1L*0837226-010-00000- A~DTM*050*20130926~DTM*232*20130921~DTM*233*20130921~PER*CX**TE*8886323862~AMT*AU*160~SVC*HC:90834*160*60**1~DTM*472*20130921~CAS*CO*45*100~REF*6R*896754598872~AMT*B6*60~SE*47*0002~GE*2*156106778~IEA*1*156106778~
