ISA*00*          *00*          *ZZ*330897513      *ZZ*ASSOCIATEDBC   *131003*0754*U*00401*156158230*0*P*:~GS*HP*330897513*ASSOCIATEDBC*20131003*0754*156158230*X*004010X091A1~ST*835*0001~BPR*I*90.48*C*CHK************20131002~TRN*1*1151572400*1362739571*000036273~DTM*405*20131002~N1*PR*UNITED HEALTH CARE*XV*36273~N3*PO BOX 740819~N4*ATLANTA*GA*303740819~PER*CX*CUSTOMER SERVICE*TE*8002277789~N1*PE*ROZOV               ELISSA*XX*1942403613~N3*8 N 2ND AVE~N4*HIGHLAND PARK*NJ*089042419~REF*TJ*205426906~LX*1~TS3*1942403613*11*20131231*1*495~CLP*0*2*495*90.48**15*325632142491*11*1~NM1*QC*1*SUNDQUIST*AMY*L***MI*33071518211~DTM*050*20130913~DTM*232*20130717~DTM*233*20130731~AMT*AU*258.51~SVC*HC:90834*165*30.16**0~DTM*472*20130717~CAS*CO*23*134.84~REF*6R*LX#01~AMT*B6*86.17~SVC*HC:90834*165*30.16**0~DTM*472*20130729~CAS*CO*23*134.84~REF*6R*LX#02~AMT*B6*86.17~SVC*HC:90834*165*30.16**0~DTM*472*20130731~CAS*CO*23*134.84~REF*6R*LX#03~AMT*B6*86.17~SE*36*0001~GE*1*156158230~IEA*1*156158230~
