ISA*00*          *00*          *ZZ*330897513      *ZZ*ASSOCIATEDBC   *131003*0251*^*00501*156129864*0*P*:~GS*HP*330897513*ASSOCIATEDBC*20131003*0251*156129864*X*005010X221A1~ST*835*0001~BPR*I*55*C*CHK************20130930~TRN*1*0014216570*1411648670~REF*EV*870426777~DTM*405*20131001~N1*PR*CIGNA BEHAVIORAL HEALTH~N3*PO BOX 46270~N4*EDEN PRAIRIE*MN*55344~PER*BL*HP*EM*CLAIMS.INTAKE.APP.SUPPORT@HP.COM~PER*IC**UR*WWW.CIGNAFORHCP.COM~PER*CX*CUSTOMER SERVICE*TE*8009262273~N1*PE*MAUREEN WIESE-WAIBEL LLC*XX*1902991391~N3*800 RARITAN RD~N4*CLARK*NJ*07066~REF*TJ*262135919~LX*1~CLP*86000A130917*1*125*55*15*13*13260Z2839*11*1~NM1*QC*1*GERSTNER*TARA****MI*U4422695201~NM1*82*1*WIESE-WAIBEL*MAUREEN****FI*119567146~REF*1L*3216572~REF*CE*NETWORK POS DPP1 W/TELEPHONIC~DTM*050*20130918~DTM*232*20130906~DTM*233*20130906~PER*CX*CUSTOMER SERVICE*TE*8009262273~AMT*AU*70~SVC*HC:90834*125*55**1~CAS*CO*45*55~CAS*PR*3*15~REF*6R*0~REF*0K*3216572~AMT*B6*70~SE*33*0001~GE*1*156129864~IEA*1*156129864~
