ISA*00*          *00*          *ZZ*330897513      *ZZ*ASSOCIATEDBC   *131003*1019*U*00401*156184123*0*P*:~GS*HP*330897513*ASSOCIATEDBC*20131003*1019*156184123*X*004010X091A1~ST*835*0001~BPR*I*154.4*C*ACH*CCP*01*031100225*DA*2079950064280/*1220999690**01*021200025*DA*2000030280694*20131001~TRN*1*0004308149*1220999690*8352013100208030935~REF*EV*1598809212~DTM*405*20131001~N1*PR*HORIZON BCBSNJ~N3*PAYOR ADDRESS 1~N4*NEWARK*NJ*071010420~REF*2U*22099~N1*PE*W BENTON PHD*XX*1598809212~N3*PO BOX 3524~N4*UNION*NJ*070831896~REF*PQ*2083116130~REF*TJ*208311613~LX*1~CLP*754598857*1*160*65.7*7.3*13*780261327074897   00**1~NM1*QC*1*BARNES*ALISA****MI*NJX3HZN29576030~NM1*IL*1*KING*STEVEN****MI*3HZN295760300~NM1*74*1*KING*STEVEN*A***C*3HZN295760300~NM1*82*2*W  BENTON PHD*****XX*1598809212~DTM*050*20130927~DTM*232*20130919~DTM*233*20130919~PER*CX*NJ DIRECT*TE*8006241110~AMT*AU*73~AMT*T2*65.7~SVC*HC:99199*160*65.7**1*HC:90834~DTM*472*20130919~CAS*PR*2*7.3~CAS*CO*45*87~REF*6R*881754598857~REF*HPI*1598809212~AMT*B6*73~CLP*NJX3HZN295760*1*160*65.7*7.3*13*780271327002830   00**1~NM1*QC*1*KING*STEVEN****MI*3HZN295760300~NM1*74*1*KING*STEVEN*A***C*NJX3HZN29576030~NM1*82*2*W  BENTON PHD*****XX*1598809212~DTM*050*20130927~DTM*232*20130917~DTM*233*20130917~PER*CX*NJ DIRECT*TE*8006241110~AMT*AU*73~AMT*T2*65.7~SVC*HC:99199*160*65.7**1*HC:90834~DTM*472*20130917~CAS*PR*2*7.3~CAS*CO*45*87~REF*6R*890NJX3HZN295760~REF*HPI*1598809212~AMT*B6*73~CLP*754598858*1*180*0*95*13*780261327075372   00**1~NM1*QC*1*BETHEA*JOI*R***MI*YHO3HZN40322080~NM1*82*2*W  BENTON PHD*****XX*1598809212~DTM*050*20130927~DTM*232*20130921~DTM*233*20130921~PER*CX*HORIZON BLUE CROSS BLUE SHIELD OF NEW JERSEY DIRECT ACCESS*TE*8006241110~AMT*AU*95~SVC*HC:99199*180*0**1*HC:90791~DTM*472*20130921~CAS*PR*1*95~CAS*CO*45*85~REF*6R*882754598858~REF*HPI*1598809212~AMT*B6*95~CLP*754598859*1*175*23*50*13*780261327074901   00**1~NM1*QC*1*BLADZINSKI*KAREN****MI*YHO3HZN45596920~NM1*82*2*W  BENTON PHD*****XX*1598809212~DTM*050*20130927~DTM*232*20130920~DTM*233*20130920~PER*CX*HORIZON BLUE CROSS BLUE SHIELD OF NEW JERSEY DIRECT ACCESS*TE*8006241110~AMT*AU*73~AMT*T2*23~SVC*HC:90847*175*23**1~DTM*472*20130920~CAS*PR*3*50~CAS*CO*45*102~REF*6R*883754598859~REF*HPI*1598809212~AMT*B6*73~SE*82*0001~ST*835*0002~BPR*I*98*C*ACH*CCP*01*031100225*DA*2079950064280/*1220999690**01*231372691*DA*0181143836*20131001~TRN*1*0004312066*1220999690*8352013100208020809~REF*EV*1902991391~DTM*405*20131001~N1*PR*HORIZON BCBSNJ~N3*PAYOR ADDRESS 1~N4*NEWARK*NJ*071010420~REF*2U*22099~N1*PE*M M WIESE WAIBEL LCSW*XX*1902991391~N3*800 RARITAN RD~N4*CLARK*NJ*070661710~REF*PQ*2621359190~REF*TJ*262135919~LX*1~CLP*106700A130924*1*125*49*20*12*780271326932385   00**1~NM1*QC*1*PRIBUSH*KATHLEEN****MI*DZVAN4492387~NM1*IL*1*PRIBUSH*JEFF****MI*DZVAN4492387~NM1*82*2*M M WIESE WAIBEL LCSW*****XX*1902991391~DTM*050*20130926~DTM*232*20130918~DTM*233*20130918~AMT*AU*69~AMT*T2*49~SVC*HC:99199*125*49**1*HC:90834~DTM*472*20130918~CAS*PR*3*20~CAS*CO*45*56~REF*6R*0~REF*HPI*1902991391~AMT*B6*69~CLP*105900A130924*1*125*49*20*12*780271326932022   00**1~NM1*QC*1*RABADEAU*KATHLEEN****MI*DZVAN4490966~NM1*82*2*M M WIESE WAIBEL LCSW*****XX*1902991391~DTM*050*20130926~DTM*232*20130917~DTM*233*20130917~AMT*AU*69~AMT*T2*49~SVC*HC:99199*125*49**1*HC:90834~DTM*472*20130917~CAS*PR*3*20~CAS*CO*45*56~REF*6R*0~REF*HPI*1902991391~AMT*B6*69~SE*47*0002~GE*2*156184123~IEA*1*156184123~
