ISA*00*          *00*          *ZZ*330897513      *ZZ*ASSOCIATEDBC   *131003*2042*^*00501*156285797*0*P*:~GS*HP*330897513*ASSOCIATEDBC*20131003*2042*156285797*X*005010X221A1~ST*835*0001~BPR*I*38.12*C*CHK************20130930~TRN*1*20130930138000940EPRA15945387*1910499247*N~REF*EV*PB5~DTM*405*20130930~N1*PR*PREMERA BLUE CROSS~N3*PO BOX 327*MS 357~N4*SEATTLE*WA*98111~PER*CX*EDI TEAM*EM*EDI@PREMERA.COM*TE*8004352715~PER*BL*EDI TEAM*EM*EDI@PREMERA.COM*TE*8004352715~N1*PE*KATHI L. JACKSON*XX*1144266438~N3*2731 WETMORE AVE*STE 240~N4*EVERETT*WA*982013581~REF*TJ*447585592~LX*0~CLP*UNK*2*300*38.12**12*827304403100*11*1~NM1*QC*1*ARNOLD*THOMAS 2~NM1*IL*1*ARNOLD*MICHELLE****MI*600431039~NM1*74*1***D~REF*1L*1033845~REF*CE*PBC PPO (HERITAGE) NETWORK~DTM*050*20130904~AMT*AU*194.12~SVC*HC:90834*150*19.06**1~DTM*472*20130717~CAS*CO*45*52.94~CAS*OA*23*78~AMT*B6*97.06~SVC*HC:90834*150*19.06**1~DTM*472*20130731~CAS*CO*45*52.94~CAS*OA*23*78~AMT*B6*97.06~SE*34*0001~GE*1*156285797~IEA*1*156285797~
