ISA*00*          *00*          *ZZ*330897513      *ZZ*ASSOCIATEDBC   *131003*1445*^*00501*156236879*0*P*:~GS*HP*330897513*ASSOCIATEDBC*20131003*1445*156236879*X*005010X221A1~ST*835*0001~BPR*I*73*C*CHK************20131002~TRN*1*CC-31524429*1066033492~REF*EV*330897513~DTM*405*20131003~N1*PR*AETNA~N3*151 FARMINGTON AVENUE~N4*HARTFORD*CT*06156~PER*BL*PROVIDER SERVICE~N1*PE*WAY, KAREN G*XX*1477603942~N3*38 JUNIPER LN~N4*PISCATAWAY*NJ*088545632~REF*PQ*043407810~REF*TJ*264523736~LX*1~TS3*1477603942*11*20131231*1*150~CLP*110100A130927*1*150*73**HM*131001E324620000*11*1~NM1*QC*1*RILEY*SHAWN****MI*BBT0W0HA~NM1*82*2*WAY, KAREN G*****XX*1477603942~REF*1L*431841-017~DTM*050*20131001~DTM*232*20130917~DTM*233*20130917~PER*CX**TE*8006240756~AMT*AU*150~SVC*HC:90834*150*73**1~DTM*472*20130917~CAS*CO*45*77~AMT*B6*73~SE*30*0001~GE*1*156236879~IEA*1*156236879~
