ISA*00*          *00*          *ZZ*330897513      *ZZ*ASSOCIATEDBC   *131004*0738*U*00401*156341483*0*P*:~GS*HP*330897513*ASSOCIATEDBC*20131004*0738*156341483*X*004010X091A1~ST*835*0001~BPR*I*189.75*C*CHK************20131002~TRN*1*PG08269003*1411289245*000087726~DTM*405*20131002~N1*PR*UNITED HEALTHCARE INSURANCE COMPANY*XV*87726~N3*SPRINGFIELD SERVICE CENTER*PO BOX 740800~N4*ATLANTA*GA*303740800~REF*2U*87726~PER*CX*SPRINGFIELD SERVICE CENTER*TE*8778423210~N1*PE*MELANIE A CALLENDER*XX*1851330955~N3*29 CLYDE RD STE 201~N4*SOMERSET*NJ*088730000~REF*TJ*223314263~LX*1~TS3*1851330955*11*20131231*1*420~CLP*756424573*1*420*189.75*60*13*4289457600 0026464148*11~NM1*QC*1*FREDERICKSON*SIERRA~NM1*IL*1*FREDERICKSON*RODNEY****MI*812952165~REF*1L*715087~REF*CE*CHOYC+~DTM*050*20131001~DTM*232*20130912~DTM*233*20130926~AMT*AU*420~SVC*HC:90834*140*63.25**1~DTM*472*20130912~CAS*CO*45*56.75~CAS*PR*3*20~REF*6R*083756424573~AMT*B6*83.25~SVC*HC:90834*140*63.25**1~DTM*472*20130920~CAS*CO*45*56.75~CAS*PR*3*20~REF*6R*084756424573~AMT*B6*83.25~SVC*HC:90834*140*63.25**1~DTM*472*20130926~CAS*CO*45*56.75~CAS*PR*3*20~REF*6R*085756424573~AMT*B6*83.25~SE*43*0001~ST*835*0002~BPR*I*20*C*CHK************20131002~TRN*1*PG40733746*1411289245*000087726~DTM*405*20131002~N1*PR*UNITED HEALTHCARE INSURANCE COMPANY*XV*87726~N3*GREENSBORO SERVICE CENTER*P.O. BOX 30551~N4*SALT LAKE CITY*UT*841300551~REF*2U*87726~PER*CX*GREENSBORO SERVICE CENTER*TE*8778423210~N1*PE*MAUREEN WIESE WAIBEL LLC*XX*1902991391~N3*800 RARITAN RD~N4*CLARK*NJ*070660000~REF*TJ*262135919~LX*1~TS3*1902991391*11*20131231*1*125~CLP*105500A130924*1*125*20*40*13*4282758143 0039553568*11~NM1*QC*1*BERKOWITZ*DAVID~NM1*IL*1*BERKOWITZ*DAVID****MI*861165032~NM1*74*1*BERKOWITZ*DAVID*K~REF*1L*194422~REF*CE*CHOYC+~DTM*050*20130925~DTM*232*20130917~AMT*AU*125~SVC*HC:90834*125*20**1~DTM*472*20130917~CAS*CO*45*65~CAS*PR*3*40~REF*6R*0~AMT*B6*60~SE*31*0002~ST*835*0003~BPR*I*126.5*C*CHK************20131002~TRN*1*PH41442061*1411289245*000087726~DTM*405*20131002~N1*PR*UNITED HEALTHCARE INSURANCE COMPANY*XV*87726~N3*SPRINGFIELD SERVICE CENTER*P O BOX 30555~N4*SALT LAKE CITY*UT*841300555~REF*2U*87726~PER*CX*SPRINGFIELD SERVICE CENTER*TE*8778423210~N1*PE*MELANIE A CALLENDER*XX*1851330955~N3*29 CLYDE RD STE 201~N4*SOMERSET*NJ*088730000~REF*TJ*223314263~LX*1~TS3*1851330955*11*20131231*1*280~CLP*756424589*1*280*126.5*40*13*4289457602 0018514317*11~NM1*QC*1*WRIGHT*RAVEN~NM1*IL*1*BENJAMIN*TERAH****MI*964723790~NM1*74*1*BENJAMIN*TERAH*N~REF*1L*704464~REF*CE*CHOYC+~DTM*050*20131001~DTM*232*20130905~DTM*233*20130920~AMT*AU*280~SVC*HC:90834*140*63.25**1~DTM*472*20130905~CAS*CO*45*56.75~CAS*PR*3*20~REF*6R*131756424589~AMT*B6*83.25~SVC*HC:90834*140*63.25**1~DTM*472*20130920~CAS*CO*45*56.75~CAS*PR*3*20~REF*6R*132756424589~AMT*B6*83.25~SE*38*0003~ST*835*0004~BPR*I*100*C*CHK************20131002~TRN*1*PH75706152*1411289245*000087726~DTM*405*20131002~N1*PR*UNITED HEALTHCARE INSURANCE COMPANY*XV*87726~N3*P O BOX 740800~N4*ATLANTA*GA*303740800~REF*2U*87726~PER*CX*GREENSBORO SERVICE CENTER*TE*8778423210~N1*PE*MAUREEN WIESE WAIBEL LLC*XX*1902991391~N3*800 RARITAN RD~N4*CLARK*NJ*070660000~REF*TJ*262135919~LX*1~TS3*1902991391*11*20131231*3*500~CLP*108200A130924*1*125*0*125*13*4282758141 0057458168*11~NM1*QC*1*MENDEZ*ERIKA~NM1*IL*1*MENDEZ*NORMA****MI*816157884~NM1*74*1*MARTINEZ*NORMA*I~REF*1L*228594~REF*CE*CHOYC+~DTM*050*20130925~DTM*232*20130920~SVC*HC:90834*125*0**1~DTM*472*20130920~CAS*PR*227*125~REF*6R*0~LQ*HE*N479~CLP*106900A130924*1*125*40*20*14*4282758142 0057456565*11~NM1*QC*1*WYSOCKI*CHRISTOPHER~NM1*IL*1*WYSOCKI*CHRISTOPHER****MI*839316250~REF*1L*230093~REF*CE*CHOYC~DTM*050*20130925~DTM*232*20130918~AMT*AU*125~SVC*HC:90834*125*40**1~DTM*472*20130918~CAS*CO*45*65~CAS*PR*3*20~REF*6R*0~AMT*B6*60~CLP*104600A130923*1*250*60*15*13*4282758144 0057458040*11~NM1*QC*1*MATULEWICZ*DANEEN~NM1*IL*1*MATULEWICZ*DANEEN****MI*967296551~NM1*74*1*MATULEWICZ*DANEEN*M~REF*1L*230093~REF*CE*CHOYC+~DTM*050*20130925~DTM*232*20130919~AMT*AU*250~SVC*HC:90791*250*60**1~DTM*472*20130919~CAS*CO*45*175~CAS*PR*2*15~REF*6R*0~AMT*B6*75~SE*58*0004~ST*835*0005~BPR*I*20*C*CHK************20131002~TRN*1*QC56642338*1411289245*000087726~DTM*405*20131002~N1*PR*UNITED HEALTHCARE INSURANCE COMPANY*XV*87726~N3*GREENSBORO SERVICE CENTER*P.O. BOX 30555~N4*SALT LAKE CITY*UT*841300555~REF*2U*87726~PER*CX*GREENSBORO SERVICE CENTER*TE*8778423210~N1*PE*MAUREEN WIESE WAIBEL LLC*XX*1902991391~N3*800 RARITAN RD~N4*CLARK*NJ*070660000~REF*TJ*262135919~LX*1~TS3*1902991391*11*20131231*1*125~CLP*87900A130917*1*125*20*40*13*4274742208 0031234797*11~NM1*QC*1*KRILL*SARAH~NM1*IL*1*KRILL*SARAH****MI*957902582~NM1*74*1*KRILL*SARAH*F~REF*1L*709727~REF*CE*CHOYC+~DTM*050*20130918~DTM*232*20130911~AMT*AU*125~SVC*HC:90834*125*20**1~DTM*472*20130911~CAS*CO*45*65~CAS*PR*3*40~REF*6R*0~AMT*B6*60~SE*31*0005~GE*5*156341483~IEA*1*156341483~
