ISA*00*          *00*          *ZZ*330897513      *ZZ*ASSOCIATEDBC   *131004*1013*U*00401*156366420*0*P*:~GS*HP*330897513*ASSOCIATEDBC*20131004*1013*156366420*X*004010X091A1~ST*835*0001~BPR*I*55*C*ACH*CCP*01*031100225*DA*2079950064280/*1220999690**01*231372691*DA*0181143836*20131002~TRN*1*0004319428*1220999690*8352013100308410851~REF*EV*1902991391~DTM*405*20131002~N1*PR*HORIZON BCBSNJ~N3*PAYOR ADDRESS 1~N4*NEWARK*NJ*071010420~REF*2U*22099~N1*PE*M M WIESE WAIBEL LCSW*XX*1902991391~N3*800 RARITAN RD~N4*CLARK*NJ*070661710~REF*PQ*2621359190~REF*TJ*262135919~LX*1~CLP*104900A130924*1*125*10*50*13*780271326937770   00**1~NM1*QC*1*RICKERT*SUSAN*M***MI*JGV3HZN04240760~NM1*IL*1*RICKERT*WILLIAM****MI*3HZN042407600~NM1*74*1*RICKERT*WILLIAM*L***C*3HZN042407600~NM1*82*2*M M WIESE WAIBEL LCSW*****XX*1902991391~DTM*050*20130926~DTM*232*20130916~DTM*233*20130916~PER*CX*ADVANTAGE EPO CAP*TE*8886662535~AMT*AU*60~AMT*T2*10~SVC*HC:99199*125*10**1*HC:90834~DTM*472*20130916~CAS*PR*3*50~CAS*CO*45*65~REF*6R*0~REF*HPI*1902991391~AMT*B6*60~CLP*107600A130924*1*125*45*15*13*780271326932014   00**1~NM1*QC*1*SOMERS*ELAINE****MI*YHQ3HZN03939260~NM1*IL*1*SOMERS*ROBERT****MI*3HZN039392600~NM1*82*2*M M WIESE WAIBEL LCSW*****XX*1902991391~DTM*050*20130926~DTM*232*20130920~DTM*233*20130920~PER*CX*HORIZON BLUE CROSS BLUE SHIELD OF NEW JERSEY DIRECT ACCESS*TE*8006241110~AMT*AU*60~AMT*T2*45~SVC*HC:99199*125*45**1*HC:90834~DTM*472*20130920~CAS*PR*3*15~CAS*CO*45*65~REF*6R*0~REF*HPI*1902991391~AMT*B6*60~SE*51*0001~ST*835*0002~BPR*I*68*C*ACH*CCP*01*031100225*DA*2079950064280/*1220999690**01*021200025*DA*2000030280694*20131002~TRN*1*0004315421*1220999690*8352013100308420979~REF*EV*1598809212~DTM*405*20131002~N1*PR*HORIZON BCBSNJ~N3*PAYOR ADDRESS 1~N4*NEWARK*NJ*071010420~REF*2U*22099~N1*PE*W BENTON PHD*XX*1598809212~N3*PO BOX 3524~N4*UNION*NJ*070831896~REF*PQ*2083116130~REF*TJ*208311613~LX*1~CLP*754598860*1*160*68*5*13*780261327075370   00**1~NM1*QC*1*CANNON*DEBORAH****MI*3HZN567844900~NM1*74*1*CANNON*DEBORAH*R***C*YHP3HZN56784490~NM1*82*2*W  BENTON PHD*****XX*1598809212~DTM*050*20130927~DTM*232*20130918~DTM*233*20130918~PER*CX*HORIZON BLUE CROSS BLUE SHIELD OF NEW JERSEY DIRECT ACCESS*TE*8006241110~AMT*AU*73~AMT*T2*68~SVC*HC:99199*160*68**1*HC:90834~DTM*472*20130918~CAS*PR*3*5~CAS*CO*45*87~REF*6R*884754598860~REF*HPI*1598809212~AMT*B6*73~SE*33*0002~GE*2*156366420~IEA*1*156366420~
