ISA*00*          *00*          *ZZ*330897513      *ZZ*ASSOCIATEDBC   *131004*2340*^*00501*156479691*0*P*:~GS*HP*330897513*ASSOCIATEDBC*20131004*2340*156479691*X*005010X221A1~ST*835*0001~BPR*H*0*C*NON************20131003~TRN*1*8681327413625 20131002 0041346*1591031071~REF*EV*870426777~REF*F2*1~DTM*405*20131003~N1*PR*CIGNA HEALTH AND LIFE INSURANCE COMPANY~N3*P.O. BOX 182223~N4*CHATTANOOGA*TN*374227223~PER*BL*HP*EM*CLAIMS.INTAKE.APP.SUPPORT@HP.COM~PER*IC**UR*WWW.CIGNAFORHCP.COM~N1*PE*KAREN WAY PHD*XX*1477603942~N3*38 JUNIPER LN~N4*PISCATAWAY*NJ*088545632~REF*TJ*264523736~LX*1~CLP*109800A130927*4*150*0*150*13*8681327413625*11*1~NM1*QC*1*MORE*PROVIDENCE****MI*U3212939001~NM1*82*1*WAY*KAREN****FI*264523736~REF*1L*3208548~REF*CE*OPEN ACCESS PLUS IN-NETWORK~DTM*050*20131001~DTM*232*20130916~DTM*233*20130916~PER*CX*MEMBER SERVICES*TE*8002446224~SVC*HC:90834*150*0~CAS*PR*242*150~REF*6R*0~SE*29*0001~GE*1*156479691~IEA*1*156479691~
