ISA*00*          *00*          *ZZ*330897513      *ZZ*ASSOCIATEDBC   *131004*1828*^*00501*156463287*0*P*:~GS*HP*330897513*ASSOCIATEDBC*20131004*1828*156463287*X*005010X221A1~ST*835*0001~BPR*I*72*C*CHK************20131004~TRN*1*09822-012006754*1066033492~REF*EV*330897513~DTM*405*20131004~N1*PR*AETNA~N3*151 FARMINGTON AVENUE~N4*HARTFORD*CT*06156~PER*BL*PROVIDER SERVICE~N1*PE*BEAZLEY, JONATHAN*XX*1619185469~N3*106 DOWD ST~N4*NEWINGTON*CT*061112609~REF*PQ*578315230~REF*TJ*454403457~LX*1~TS3*1619185469*11*20131231*3*200~CLP*121800A131002*1*100*22*35*13*E0FA8ZJBB0000*11*1~NM1*QC*1*CARR*DENISE****MI*W155119043~NM1*82*1*BEAZLEY*JONATHAN*C***XX*1619185469~REF*1L*0621529-021-00001-BA~DTM*050*20131003~DTM*232*20130923~DTM*233*20130923~PER*CX**TE*8886323862~AMT*AU*100~SVC*HC:90834*100*22**1~DTM*472*20130923~CAS*CO*45*43~CAS*PR*3*35~AMT*B6*57~CLP*122100A131002*1*50*25*15*13*E0PA8ZHQT0000*11*1~NM1*QC*1*WEGRYN*ROBERT~NM1*IL*1*WEGRYN*VICTORIA****MI*W170151957~NM1*82*1*BEAZLEY*JONATHAN*C***XX*1619185469~REF*1L*0878265-025-00200- P~DTM*050*20131003~DTM*232*20130924~DTM*233*20130924~PER*CX**TE*8886323862~AMT*AU*50~SVC*HC:90853*50*25**1~DTM*472*20130924~CAS*CO*45*10~CAS*PR*3*15~AMT*B6*40~CLP*122200A131002*1*50*25*15*13*E0PA8ZHR60000*11*1~NM1*QC*1*VASQUEZ*JOSE~NM1*IL*1*VASQUEZ*JUANITA****MI*W196946383~NM1*74*1*VAZQUEZ~NM1*82*1*BEAZLEY*JONATHAN*C***XX*1619185469~REF*1L*0878265-036-00002-WA~DTM*050*20131003~DTM*232*20130924~DTM*233*20130924~PER*CX**TE*8886323862~AMT*AU*50~SVC*HC:90853*50*25**1~DTM*472*20130924~CAS*CO*45*10~CAS*PR*3*15~AMT*B6*40~SE*62*0001~GE*1*156463287~IEA*1*156463287~
