ISA*00*          *00*          *ZZ*330897513      *ZZ*ASSOCIATEDBC   *131004*2141*^*00501*156475650*0*P*:~GS*HP*330897513*ASSOCIATEDBC*20131004*2141*156475650*X*005010X221A1~ST*835*0001~BPR*I*439.12*C*ACH*CCP*01*081517693*DA*152302017073*1205296137**01*221272303*DA*3010001018*20131002~TRN*1*885989029*1205296137~REF*EV*1929361~DTM*405*20131001~N1*PR*NOVITAS SOLUTIONS, INC.~N3*PO BOX 3031~N4*MECHANICSBURG*PA*170551803~REF*2U*12402~PER*CX**TE*8772358073~PER*BL*NOVITAS SOLUTIONS, INC. EDI SERVICES*TE*8772358073*EX*1*EM*WEBSITEEDI@NOVITAS_SOLUTIONS.COM~N1*PE*MAUREEN J. HUDAK  CP*XX*1013063346~N3*SUITE 2A*47 RARITAN AVE~N4*HIGHLAND PARK*NJ*089042440~REF*TJ*142460069~LX*1~CLP*136647622A*2*600*164.67*90.48*MB*0713246003650*11~NM1*QC*1*PETIT*BERNADETT****HN*136647622A~MOA***MA01~DTM*050*20130903~SVC*HC:90834*150*0~DTM*472*20130508~CAS*OA*18*150**23*82.5**23*-82.5~REF*6R*LX#01~REF*LU*11~LQ*HE*N522~SVC*HC:90834*150*54.89**1~DTM*472*20130515~CAS*CO*45*63.83**223*1.12~CAS*OA*23*82.5**23*-82.5~CAS*PR*2*14**122*16.16~REF*6R*LX#02~REF*LU*11~AMT*B6*86.17~SVC*HC:90834*150*54.89**1~DTM*472*20130522~CAS*CO*45*63.83**223*1.12~CAS*OA*23*82.5**23*-82.5~CAS*PR*2*14**122*16.16~REF*6R*LX#03~REF*LU*11~AMT*B6*86.17~SVC*HC:90834*150*54.89**1~DTM*472*20130529~CAS*CO*45*63.83**223*1.12~CAS*OA*23*82.5**23*-82.5~CAS*PR*2*14**122*16.16~REF*6R*LX#04~REF*LU*11~AMT*B6*86.17~CLP*136647622A*2*150*54.89*30.16*MB*0713246003660*11~NM1*QC*1*PETIT*BERNADETT****HN*136647622A~MOA***MA01~DTM*050*20130903~SVC*HC:90834*150*54.89**1~DTM*472*20130605~CAS*CO*45*63.83**223*1.12~CAS*OA*23*82.5**23*-82.5~CAS*PR*2*14**122*16.16~REF*6R*LX#01~REF*LU*11~AMT*B6*86.17~CLP*136647622A*2*150*54.89*30.16*MB*0713246003670*11~NM1*QC*1*PETIT*BERNADETT****HN*136647622A~MOA***MA01~DTM*050*20130903~SVC*HC:90834*150*54.89**1~DTM*472*20130612~CAS*CO*45*63.83**223*1.12~CAS*OA*23*82.5**23*-82.5~CAS*PR*2*14**122*16.16~REF*6R*LX#01~REF*LU*11~AMT*B6*86.17~CLP*136647622A*2*300*109.78*60.32*MB*0713246003680*11~NM1*QC*1*PETIT*BERNADETT****HN*136647622A~MOA***MA01~DTM*050*20130903~SVC*HC:90834*150*54.89**1~DTM*472*20130619~CAS*CO*45*63.83**223*1.12~CAS*OA*23*82.5**23*-82.5~CAS*PR*2*14**122*16.16~REF*6R*LX#01~REF*LU*11~AMT*B6*86.17~SVC*HC:90834*150*54.89**1~DTM*472*20130626~CAS*CO*45*63.83**223*1.12~CAS*OA*23*82.5**23*-82.5~CAS*PR*2*14**122*16.16~REF*6R*LX#02~REF*LU*11~AMT*B6*86.17~CLP*136647622A*2*150*54.89*30.16*MB*0713246003690*11~NM1*QC*1*PETIT*BERNADETT****HN*136647622A~MOA***MA01~DTM*050*20130903~SVC*HC:90834*150*54.89**1~DTM*472*20130703~CAS*CO*45*63.83**223*1.12~CAS*OA*23*82.5**23*-82.5~CAS*PR*2*14**122*16.16~REF*6R*LX#01~REF*LU*11~AMT*B6*86.17~SE*107*0001~ST*835*0002~BPR*I*274.45*C*ACH*CCP*01*081517693*DA*152302017073*1205296137**01*221981063*DA*605274550000*20131002~TRN*1*885987538*1205296137~REF*EV*1929361~DTM*405*20131001~N1*PR*NOVITAS SOLUTIONS, INC.~N3*PO BOX 3031~N4*MECHANICSBURG*PA*170551803~REF*2U*12402~PER*CX**TE*8772358073~PER*BL*NOVITAS SOLUTIONS, INC. EDI SERVICES*TE*8772358073*EX*1*EM*WEBSITEEDI@NOVITAS_SOLUTIONS.COM~N1*PE*CATHERINE BIANCHI  CP*XX*1801923404~N3*44 ELM STREET~N4*MORRISTOWN*NJ*079604110~REF*TJ*056605274~LX*1~CLP*CATHER1NE B1A*19*380*54.89*30.16*MB*0813246049180*11~NM1*QC*1*BELFORD*LINDA****HN*148366600A~NM1*TT*2*HORIZON BCBS OF NEW JERSEY*****PI*00019~MOA***MA01*MA18~DTM*050*20130903~SVC*HC:90834*190*0~DTM*472*20130807~CAS*OA*18*190~REF*6R*LX#01~REF*LU*11~LQ*HE*N522~SVC*HC:90834*190*54.89**1~DTM*472*20130821~CAS*CO*45*103.83**223*1.12~CAS*PR*2*14**122*16.16~REF*6R*LX#02~REF*LU*11~AMT*B6*86.17~CLP*CATHER1NE BIA*19*410.6*219.56*120.64*MB*0813246061470*11~NM1*QC*1*FANNING*PHILIP*A***HN*140429567A~NM1*TT*2*UNITEDHEALTH GROUP*****PI*30002~MOA***MA01*MA18~DTM*050*20130903~SVC*HC:90834*102.65*54.89**1~DTM*472*20130801~CAS*CO*45*16.48**223*1.12~CAS*PR*2*14**122*16.16~REF*6R*LX#01~REF*LU*11~AMT*B6*86.17~SVC*HC:90834*102.65*54.89**1~DTM*472*20130808~CAS*CO*45*16.48**223*1.12~CAS*PR*2*14**122*16.16~REF*6R*LX#02~REF*LU*11~AMT*B6*86.17~SVC*HC:90834*102.65*54.89**1~DTM*472*20130815~CAS*CO*45*16.48**223*1.12~CAS*PR*2*14**122*16.16~REF*6R*LX#03~REF*LU*11~AMT*B6*86.17~SVC*HC:90834*102.65*54.89**1~DTM*472*20130822~CAS*CO*45*16.48**223*1.12~CAS*PR*2*14**122*16.16~REF*6R*LX#04~REF*LU*11~AMT*B6*86.17~SE*68*0002~ST*835*0003~BPR*I*329.36*C*ACH*CCP*01*081517693*DA*152302017073*1205296137**01*231372691*DA*0181143836*20131002~TRN*1*885985427*1205296137~REF*EV*1929361~DTM*405*20131001~N1*PR*NOVITAS SOLUTIONS, INC.~N3*PO BOX 3031~N4*MECHANICSBURG*PA*170551803~REF*2U*12402~PER*CX**TE*8772358073~PER*BL*NOVITAS SOLUTIONS, INC. EDI SERVICES*TE*8772358073*EX*1*EM*WEBSITEEDI@NOVITAS_SOLUTIONS.COM~N1*PE*MAUREEN WIESE WAIBEL  CSW*XX*1902991391~N3*800 RARITAN ROAD~N4*CLARK*NJ*070661710~REF*TJ*262135919~LX*1~CLP*84200A130917*19*125*41.17*22.62*MB*0913261518410*11*1~NM1*QC*1*COSQUER*DELORES****HN*143342949A~NM1*TT*2*HORIZON BCBS OF NEW JERSEY*****PI*00019~MOA***MA01*MA18~DTM*050*20130918~SVC*HC:90834*125*41.17**1~DTM*472*20130904~CAS*CO*45*60.37**223*0.84~CAS*PR*2*10.5**122*12.12~REF*6R*0~REF*LU*11~AMT*B6*64.63~CLP*87100A130917*19*125*41.17*22.62*MB*0913261518230*11*1~NM1*QC*1*FETICS*MARY****HN*152249968A~NM1*TT*2*UNITEDHEALTH GROUP*****PI*30002~MOA***MA01*MA18~DTM*050*20130918~SVC*HC:90834*125*41.17**1~DTM*472*20130910~CAS*CO*45*60.37**223*0.84~CAS*PR*2*10.5**122*12.12~REF*6R*0~REF*LU*11~AMT*B6*64.63~CLP*88000A130917*19*125*41.17*22.62*MB*0913261518250*11*1~NM1*QC*1*FILIK*LINDA MAR****HN*145484131A~NM1*TT*2*UNITEDHEALTH GROUP*****PI*30002~MOA***MA01*MA18~DTM*050*20130918~SVC*HC:90834*125*41.17**1~DTM*472*20130911~CAS*CO*45*60.37**223*0.84~CAS*PR*2*10.5**122*12.12~REF*6R*0~REF*LU*11~AMT*B6*64.63~CLP*85600A130917*1*125*41.17*22.62*MB*0913261518210*11*1~NM1*QC*1*LIPARI*BARBARA****HN*157662010A~MOA***MA01~DTM*050*20130918~SVC*HC:90834*125*41.17**1~DTM*472*20130906~CAS*CO*45*60.37**223*0.84~CAS*PR*2*10.5**122*12.12~REF*6R*0~REF*LU*11~AMT*B6*64.63~CLP*86400A130917*1*125*41.17*22.62*MB*0913261518220*11*1~NM1*QC*1*LIPARI*BARBARA****HN*157662010A~MOA***MA01~DTM*050*20130918~SVC*HC:90834*125*41.17**1~DTM*472*20130909~CAS*CO*45*60.37**223*0.84~CAS*PR*2*10.5**122*12.12~REF*6R*0~REF*LU*11~AMT*B6*64.63~CLP*83300A130917*19*125*41.17*22.62*MB*0913261518200*11*1~NM1*QC*1*PORTER*DOROTHY****HN*139308631A~NM1*TT*2*UNITEDHEALTH GROUP*****PI*30002~MOA***MA01*MA18~DTM*050*20130918~SVC*HC:90834*125*41.17**1~DTM*472*20130903~CAS*CO*45*60.37**223*0.84~CAS*PR*2*10.5**122*12.12~REF*6R*0~REF*LU*11~AMT*B6*64.63~CLP*87200A130917*19*125*41.17*22.62*MB*0913261518240*11*1~NM1*QC*1*PORTER*DOROTHY****HN*139308631A~NM1*TT*2*UNITEDHEALTH GROUP*****PI*30002~MOA***MA01*MA18~DTM*050*20130918~SVC*HC:90834*125*41.17**1~DTM*472*20130910~CAS*CO*45*60.37**223*0.84~CAS*PR*2*10.5**122*12.12~REF*6R*0~REF*LU*11~AMT*B6*64.63~CLP*88100A130917*19*125*41.17*22.62*MB*0913261518260*11*1~NM1*QC*1*SHOE-EZELL*ELAINE****HN*145468664A~NM1*TT*2*ANTHEM NATIONAL BCBS OHIO CTRL*****PI*00131~MOA***MA01*MA18~DTM*050*20130918~SVC*HC:90834*125*41.17**1~DTM*472*20130911~CAS*CO*45*60.37**223*0.84~CAS*PR*2*10.5**122*12.12~REF*6R*0~REF*LU*11~AMT*B6*64.63~SE*111*0003~ST*835*0004~BPR*I*41.16*C*ACH*CCP*01*081517693*DA*152302017073*1205296137**01*221272303*DA*3010001018*20131003~TRN*1*885993760*1205296137~REF*EV*1929361~DTM*405*20131002~N1*PR*NOVITAS SOLUTIONS, INC.~N3*PO BOX 3031~N4*MECHANICSBURG*PA*170551803~REF*2U*12402~PER*CX**TE*8772358073~PER*BL*NOVITAS SOLUTIONS, INC. EDI SERVICES*TE*8772358073*EX*1*EM*WEBSITEEDI@NOVITAS_SOLUTIONS.COM~N1*PE*MAUREEN J. HUDAK  CP*XX*1013063346~N3*SUITE 2A*47 RARITAN AVE~N4*HIGHLAND PARK*NJ*089042440~REF*TJ*142460069~LX*1~CLP*157489157A*2*150*41.16**MB*0713246005800*11~NM1*QC*1*CORCORAN*ROSEANN****HN*157489157A~MOA***MA01~DTM*050*20130903~SVC*HC:90834*150*41.16**1~DTM*472*20130726~CAS*CO*223*0.84~CAS*OA*23*108**23*-14~CAS*PR*2*14~REF*6R*LX#01~REF*LU*11~AMT*B6*86.17~SE*29*0004~GE*4*156475650~IEA*1*156475650~
