ISA*00*          *00*          *ZZ*330897513      *ZZ*ASSOCIATEDBC   *131007*0920*^*00501*156586308*0*P*:~GS*HP*330897513*ASSOCIATEDBC*20131007*0920*156586308*X*005010X221A1~ST*835*0001~BPR*I*54.93*C*ACH*CCP*01*043301627*DA*1028900224*1571132733*000000000*01*231372691*DA*0181143836*20131004~TRN*1*5001770274NR4*1571132733*000000000~REF*EV*7GW0013CA3~REF*F2*262135919     R81031001002035~DTM*405*20131001~N1*PR*PGBA, LLC~N3*TRICARE NORTH REGION CLAIMS*P.O. BOX 870140~N4*SURFSIDE BEACH*SC*295879740~PER*CX*TRICARE NORTH REGION CLAIMS CORRESPONDENCE*TE*8778742273~PER*BL*TRICARE ELECTRONIC CLAIMS SERVICE CENTER*TE*8003255920~N1*PE*MAUREEN M WIESE-WAIBEL LCSW*XX*1902991391~N3*1800 RARITAN RD~N4*CLARK*NJ*07066~REF*TJ*262135919~LX*1~CLP*150502207*1*125*54.93**CH*3252W2087-00*11*1~NM1*QC*1*WHITE*GABRIELLE*J***HN*150502207~NM1*IL*1*WHITE*SYDNEY*M***MI*150502207~DTM*050*20130909~AMT*AU*54.93~SVC*HC:90834*125*54.93~DTM*472*20130802~CAS*CO*45*70.07~AMT*B6*54.93~SE*26*0001~GE*1*156586308~IEA*1*156586308~
