ISA*00*          *00*          *ZZ*330897513      *ZZ*ASSOCIATEDBC   *131007*0908*^*00501*156583947*0*P*:~GS*HP*330897513*ASSOCIATEDBC*20131007*0908*156583947*X*005010X221A1~ST*835*0001~BPR*I*80.04*C*CHK************20131001~TRN*1*0060005220NR4*1571132733~REF*EV*7GW0013CA3~REF*F2*242649369     R81031001002250~DTM*405*20131001~N1*PR*PGBA, LLC~N3*TRICARE NORTH REGION CLAIMS*P.O. BOX 870140~N4*SURFSIDE BEACH*SC*295879740~PER*CX*TRICARE NORTH REGION CLAIMS CORRESPONDENCE*TE*8778742273~PER*BL*TRICARE ELECTRONIC CLAIMS SERVICE CENTER*TE*8003255920~N1*PE*MARY R ROBERTS PHD*XX*1730289364~N3*12 CYPRESS CT~N4*LITTLE EGG HARBO*NJ*08087~REF*TJ*242649369~LX*1~CLP*0*2*162*20**CH*3218D0113-00*11*1~NM1*QC*1*WHEELER*CHARLES*R***HN*000000000~DTM*050*20130806~AMT*AU*122.52~AMT*I*0.02~SVC*HC:90837*162*20~DTM*472*20130708~CAS*CO*23*6~CAS*OA*23*136~AMT*B6*122.52~LX*2~CLP*0*2*162*20**CH*3218D0114-00*11*1~NM1*QC*1*WHEELER*CHARLES*R***HN*000000000~DTM*050*20130806~AMT*AU*122.52~AMT*I*0.02~SVC*HC:90837*162*20~DTM*472*20130701~CAS*CO*23*6~CAS*OA*23*136~AMT*B6*122.52~LX*3~CLP*0*2*324*40**CH*3240B0556-00*11*1~NM1*QC*1*WHEELER*CHARLES*R***HN*000000000~DTM*050*20130828~AMT*AU*245.04~SVC*HC:90837*162*20~DTM*472*20130715~CAS*CO*23*6~CAS*OA*23*136~AMT*B6*122.52~SVC*HC:90837*162*20~DTM*472*20130722~CAS*CO*23*6~CAS*OA*23*136~AMT*B6*122.52~PLB*242649369*20131231*L6*-.04~SE*54*0001~GE*1*156583947~IEA*1*156583947~
