ISA*00*          *00*          *ZZ*330897513      *ZZ*ASSOCIATEDBC   *131007*0644*U*00401*156558743*0*P*:~GS*HP*330897513*ASSOCIATEDBC*20131007*0644*156558743*X*004010X091A1~ST*835*0001~BPR*I*105.86*C*CHK************20131003~TRN*1*PH87384839*1411289245*000087726~DTM*405*20131003~N1*PR*UNITED HEALTHCARE INSURANCE COMPANY*XV*87726~N3*GREENSBORO SERVICE CENTER*P O BOX 740800~N4*ATLANTA*GA*303740800~REF*2U*87726~PER*CX*GREENSBORO SERVICE CENTER*TE*8006388010~N1*PE*NANCY SAXTON LOPEZ*XX*1053490193~N3*6 PROSPECT ST STE 3B~N4*MIDLAND PARK*NJ*074320000~REF*TJ*096386775~LX*1~TS3*1053490193*11*20131231*2*375~CLP*0*2*125*9.86*12.76*15*4284206300 0085913902*11~NM1*QC*1*DANIEL*JANE*E~NM1*IL*1*DANIEL*JANE*E***MI*973617756~REF*1L*183644~REF*CE*IND~DTM*050*20130926~DTM*232*20130808~AMT*AU*63.79~SVC*HC:90834*125*9.86**1~DTM*472*20130808~CAS*OA*23*102.38~CAS*PR*2*12.76~REF*6R*LX#01~AMT*B6*63.79~CLP*757036521*1*250*96*24*13*4291338111 0057596731*11~NM1*QC*1*HIGDON*ERICA~NM1*IL*1*HIGDON*WILLIAM****MI*927727818~NM1*74*1*HIGDON*WILLIAM*D~REF*1L*230093~REF*CE*CHOYC+~DTM*050*20131002~DTM*232*20130918~DTM*233*20130925~AMT*AU*250~SVC*HC:90834*125*48**1~DTM*472*20130918~CAS*CO*45*65~CAS*PR*2*12~REF*6R*045757036521~AMT*B6*60~SVC*HC:90834*125*48**1~DTM*472*20130925~CAS*CO*45*65~CAS*PR*2*12~REF*6R*046757036521~AMT*B6*60~SE*52*0001~GE*1*156558743~IEA*1*156558743~
