ISA*00*          *00*          *ZZ*330897513      *ZZ*ASSOCIATEDBC   *131007*0129*^*00501*156534482*0*P*:~GS*HP*330897513*ASSOCIATEDBC*20131007*0129*156534482*X*005010X221A1~ST*835*0001~BPR*I*60*C*CHK************20131004~TRN*1*CC-31542342*1066033492~REF*EV*330897513~DTM*405*20131005~N1*PR*AETNA~N3*151 FARMINGTON AVENUE~N4*HARTFORD*CT*06156~PER*BL*PROVIDER SERVICE~N1*PE*SAXTON-LOPEZ, NANCY*XX*1053490193~N3*6 PROSPECT ST STE 3C~N4*MIDLAND PARK*NJ*074321634~REF*PQ*054455120~REF*TJ*096386775~LX*1~TS3*1053490193*11*20131231*1*250~CLP*757036525*1*250*60*60*13*131002E513680000*11*1~NM1*QC*1*KONTOS*DEMI~NM1*IL*1*KONTOS*STEVEN****MI*BBPF6VHD~NM1*82*2*SAXTON-LOPEZ, NANCY*****XX*1053490193~REF*1L*366413-003~DTM*050*20131002~DTM*232*20130920~DTM*233*20130927~PER*CX**TE*8006240756~AMT*AU*250~SVC*HC:90834*125*30**1~DTM*472*20130920~CAS*CO*45*65~CAS*PR*3*30~REF*6R*051757036525~AMT*B6*60~LQ*HE*N59~SVC*HC:90834*125*30**1~DTM*472*20130927~CAS*CO*45*65~CAS*PR*3*30~REF*6R*052757036525~AMT*B6*60~LQ*HE*N59~SE*41*0001~ST*835*0002~BPR*I*100*C*CHK************20131004~TRN*1*CC-31542639*1066033492~REF*EV*330897513~DTM*405*20131005~N1*PR*AETNA~N3*151 FARMINGTON AVENUE~N4*HARTFORD*CT*06156~PER*BL*PROVIDER SERVICE~N1*PE*ROBYN REZNIK LCSW, LLC*XX*1417034182~N3*9 PROFESSIONAL CIR STE 206~N4*COLTS NECK*NJ*077222427~REF*PQ*021638960~REF*TJ*204217997~LX*1~TS3*1417034182*11*20131231*1*250~CLP*756847612*1*250*100*20*HM*131002E454970000*11*1~NM1*QC*1*BURKITT*KEVIN****MI*BBTXTP6A~NM1*82*2*ROBYN REZNIK LCSW, LLC*****XX*1417034182~REF*1L*01405E-198~REF*CE*NJ EMPLOYEE PLAN NET 01961~DTM*050*20131002~DTM*232*20130917~DTM*233*20130926~PER*CX**TE*8006240756~AMT*AU*250~SVC*HC:90834*125*50**1~DTM*472*20130917~CAS*CO*45*65~CAS*PR*3*10~REF*6R*192756847612~AMT*B6*60~SVC*HC:90834*125*50**1~DTM*472*20130926~CAS*CO*45*65~CAS*PR*3*10~REF*6R*193756847612~AMT*B6*60~SE*39*0002~ST*835*0003~BPR*I*125*C*CHK************20131004~TRN*1*CC-31545413*1066033492~REF*EV*330897513~DTM*405*20131005~N1*PR*AETNA~N3*151 FARMINGTON AVENUE~N4*HARTFORD*CT*06156~PER*BL*PROVIDER SERVICE~N1*PE*MAUREEN M WIESE WAIBEL, MSW LCS*XX*1902991391~N3*800 RARITAN RD~N4*CLARK*NJ*070661710~REF*PQ*291480930~REF*TJ*262135919~LX*1~TS3*1902991391*11*20131231*3*500~CLP*119100A131001*1*125*10*50*HM*131002E286000000*11*1~NM1*QC*1*BERMINGHAM*RANDY****MI*BBTXC72A~NM1*82*2*MAUREEN M WIESE WAIBEL, MSW LCS*****XX*1902991391~REF*1L*456882-001~DTM*050*20131002~DTM*232*20130925~DTM*233*20130925~PER*CX**TE*8006240756~AMT*AU*125~SVC*HC:90834*125*10**1~DTM*472*20130925~CAS*CO*45*65~CAS*PR*3*50~AMT*B6*60~CLP*118200A131001*1*125*50*10*HM*131002E343140000*11*1~NM1*QC*1*ANGOWSKI*MELISSA~NM1*IL*1*ANGOWSKI*RAYMOND****MI*BBQLYXBD~NM1*82*2*MAUREEN M WIESE WAIBEL, MSW LCS*****XX*1902991391~REF*1L*382396-008~REF*CE*PATRIOT V FLX PLAN NET 01961~DTM*050*20131002~DTM*232*20130924~DTM*233*20130924~PER*CX**TE*8006240756~AMT*AU*125~SVC*HC:90834*125*50**1~DTM*472*20130924~CAS*CO*45*65~CAS*PR*3*10~AMT*B6*60~CLP*128100A131002*1*250*65*5*13*131003E403670000*11*1~NM1*QC*1*SANTOS*ANA****MI*BBS1WBJA~NM1*82*2*MAUREEN M WIESE WAIBEL, MSW LCS*****XX*1902991391~REF*1L*429253-020~DTM*050*20131003~DTM*232*20130926~DTM*233*20130926~PER*CX**TE*8006240756~AMT*AU*250~SVC*HC:90791*250*65**1~DTM*472*20130926~CAS*CO*45*180~CAS*PR*3*5~AMT*B6*70~SE*61*0003~ST*835*0004~BPR*I*63*C*ACH*CCP*01*031100209*DA*0038865237*1066033492**01*021201383*DA*006033359969*20131009~TRN*1*161004130012272*1066033492~REF*EV*330897513~DTM*405*20131005~N1*PR*AETNA~N3*151 FARMINGTON AVENUE~N4*HARTFORD*CT*06156~PER*BL*PROVIDER SERVICE~N1*PE*GALLAGHER-HOBSON, ABISOLA*XX*1073537163~N3*659 EAGLE ROCK AVE~N4*WEST ORANGE*NJ*070522138~REF*PQ*623304680~REF*TJ*335422233~LX*1~TS3*1073537163*11*20131231*1*150~CLP*756871322*1*150*63*10*HM*131002E283920000*11*1~NM1*QC*1*DAVIS*KARINE****MI*BBK0N88A~NM1*82*2*GALLAGHER-HOBSON, ABISOLA*****XX*1073537163~REF*1L*01405E-198~REF*CE*NJ EMPLOYEE PLAN NET 01961~DTM*050*20131002~DTM*232*20130926~DTM*233*20130926~PER*CX**TE*8006240756~AMT*AU*150~SVC*HC:90834*150*63**1~DTM*472*20130926~CAS*CO*45*77~CAS*PR*3*10~REF*6R*068756871322~AMT*B6*73~SE*33*0004~GE*4*156534482~IEA*1*156534482~
