ISA*00*          *00*          *ZZ*330897513      *ZZ*ASSOCIATEDBC   *131007*1150*U*00401*156607409*0*P*:~GS*HP*330897513*ASSOCIATEDBC*20131007*1150*156607409*X*004010X091A1~ST*835*0001~BPR*I*48*C*ACH*CCP*01*031100225*DA*2079950064280/*1220999690**01*021200025*DA*2000030280694*20131003~TRN*1*0004322676*1220999690*8352013100404280923~REF*EV*1598809212~DTM*405*20131003~N1*PR*HORIZON BCBSNJ~N3*PAYOR ADDRESS 1~N4*NEWARK*NJ*071010420~REF*2U*22099~N1*PE*W BENTON PHD*XX*1598809212~N3*PO BOX 3524~N4*UNION*NJ*070831896~REF*PQ*2083116130~REF*TJ*208311613~LX*1~CLP*51808150*1*175*48*25*13*780261327075369   00**1~NM1*QC*1*GOOD*GREGORY****MI*3HZN518081500~NM1*74*1*GOOD*GREGORY*A***C*YHQ3HZN51808150~NM1*82*2*W  BENTON PHD*****XX*1598809212~DTM*050*20130927~DTM*232*20130921~DTM*233*20130921~PER*CX*HORIZON BLUE CROSS BLUE SHIELD OF NEW JERSEY DIRECT ACCESS*TE*8006241110~AMT*AU*73~AMT*T2*48~SVC*HC:90847*175*48**1~DTM*472*20130921~CAS*PR*3*25~CAS*CO*45*102~REF*6R*88751808150~REF*HPI*1598809212~AMT*B6*73~SE*33*0001~ST*835*0002~BPR*H*0*C*NON************20131004~TRN*1*0015555362*1220999690*8352013100504050962~REF*EV*1598809212~DTM*405*20131004~N1*PR*HORIZON BCBSNJ~N3*PAYOR ADDRESS 1~N4*NEWARK*NJ*071010420~REF*2U*22099~N1*PE*W BENTON PHD*XX*1598809212~N3*PO BOX 3524~N4*UNION*NJ*070831896~REF*PQ*2083116130~REF*TJ*208311613~LX*1~CLP*726522706*22*-350*-126**13*780271319977762   01**1~CAS*CR*96*20~CAS*CR*96*-20~NM1*QC*1*MORALES*LISETTE****MI*YHP3HZN09724850~NM1*IL*1*MORALES*ANGEL****MI*3HZN097248500~NM1*82*2*W  BENTON PHD*****XX*1598809212~MOA***MA69~DTM*050*20131003~DTM*232*20130627~DTM*233*20130711~PER*CX*HORIZON BLUE CROSS BLUE SHIELD OF NEW JERSEY DIRECT ACCESS*TE*8006241110~AMT*AU*-146~AMT*T2*-126~SVC*HC:90847*-175*-53**1~DTM*472*20130627~CAS*CR*3*-20~CAS*CR*45*-102~REF*6R*009726522706~REF*HPI*1598809212~SVC*HC:90847*-175*-73**1~DTM*472*20130711~CAS*CR*45*-102~REF*6R*010726522706~REF*HPI*1598809212~CLP*726522706*1*350*106*40*13*780271319977762   02**1~NM1*QC*1*MORALES*LISETTE****MI*YHP3HZN09724850~NM1*IL*1*MORALES*ANGEL****MI*3HZN097248500~NM1*82*2*W  BENTON PHD*****XX*1598809212~DTM*050*20130718~DTM*232*20130627~DTM*233*20130711~PER*CX*HORIZON BLUE CROSS BLUE SHIELD OF NEW JERSEY DIRECT ACCESS*TE*8006241110~AMT*AU*146~AMT*T2*106~SVC*HC:90847*175*53**1~DTM*472*20130627~CAS*PR*3*20~CAS*CO*45*102~REF*6R*009726522706~REF*HPI*1598809212~AMT*B6*73~SVC*HC:90847*175*53**1~DTM*472*20130711~CAS*PR*3*20~CAS*CO*45*102~REF*6R*010726522706~REF*HPI*1598809212~AMT*B6*73~PLB*1598809212*20131231*FB:726522706*-126*WO:726522706*106~SE*65*0002~GE*2*156607409~IEA*1*156607409~
