ISA*00*          *00*          *ZZ*330897513      *ZZ*ASSOCIATEDBC   *131008*0047*^*00501*156713344*0*P*:~GS*HP*330897513*ASSOCIATEDBC*20131008*0047*156713344*X*005010X221A1~ST*835*0001~BPR*H*0*C*NON************20131004~TRN*1*9681327491779 20131003 0066461*1411648670~REF*EV*870426777~REF*F2*1~DTM*405*20131004~N1*PR*CIGNA BEHAVIORAL HEALTH INC.~N3*P.O. BOX 182223~N4*CHATTANOOGA*TN*374227223~PER*BL*HP*EM*CLAIMS.INTAKE.APP.SUPPORT@HP.COM~PER*IC**UR*WWW.CIGNAFORHCP.COM~N1*PE*JONATHAN C BEAZLEY LCDC*XX*1619185469~N3*103 MANSFIELD HOLLOW RD~N4*MANSFIELD CTR*CT*062501317~REF*TJ*454403457~LX*1~CLP*0*1*100*0*65.12*13*9681327491779*11*1~NM1*QC*1*BASCH*ZACHARY****MI*U4359345603~NM1*IL*1*BASCH*DARYL****MI*U4359345601~NM1*74*1*BASCH*ZACHERY****C*U4359345603~REF*1L*3334722~REF*CE*OPEN ACCESS PLUS~DTM*050*20131001~DTM*232*20120516~DTM*233*20120516~PER*CX*MEMBER SERVICES*TE*8002446224~AMT*AU*65.12~SVC*HC:90806*100*0~CAS*CO*45*34.88~CAS*PR*1*65.12~REF*HPI*1619185469~AMT*B6*65.12~SE*33*0001~ST*835*0002~BPR*I*30*C*CHK************20131004~TRN*1*2010032806*1061475928~REF*EV*AE02079C~DTM*405*20131004~N1*PR*ANTHEM BCBS OF CT~N3*370 BASSETT ROAD~N4*NORTH HAVEN*CT*064734201~PER*CX*EDI HELP DESK*TE*8003348262~PER*BL*EDI SOLUTIONS*TE*8003348262*EM*EDIHELPDESK-NE@WELLPOINT.COM~N1*PE*BEAZLEY JONATHAN C*XX*1619185469~N3*106 DOWD ST~N4*NEWINGTON*CT*061110000~REF*TJ*454403457~LX*1~CLP*122600A131002*1*50*30*10*12*P322868800*11*1~NM1*QC*1*GARDINER*AMANDA****MI*XGC0161M50339~NM1*IL*1*GARDINER*ANDREW****MI*XGC0161M50339~NM1*82*1*BEAZLEY*JONATHAN****BS*300000504CT02~DTM*050*20131003~DTM*232*20130924~DTM*233*20130924~SVC*HC:90853*50*30~DTM*472*20130924~CAS*PR*3*10~CAS*CO*45*10~REF*6R*0~AMT*B6*40~SE*29*0002~ST*835*0003~BPR*H*0*C*NON************20131004~TRN*1*NS CHECK 201310042246328700001*1061475928~REF*EV*AE02079C~DTM*405*20131004~N1*PR*ANTHEM BCBS OF CT~N3*370 BASSETT ROAD~N4*NORTH HAVEN*CT*064734201~PER*CX*EDI HELP DESK*TE*8003348262~PER*BL*EDI SOLUTIONS*TE*8003348262*EM*EDIHELPDESK-NE@WELLPOINT.COM~N1*PE*BEAZLEY JONATHAN C*XX*1619185469~N3*103 MANSFIELD HOLLOW RD~N4*MANSFIELD CENTER*CT*062500000~REF*TJ*454403457~LX*1~CLP*121600A131002*1*100*0*100*12*P322868600*11*1~NM1*QC*1*NYE*BRANDON****MI*XGN0313M50244~NM1*IL*1*NYE*TAMMY****MI*XGN0313M50244~NM1*82*1*BEAZLEY*JONATHAN****BS*410000631CT03~DTM*036*20130831~DTM*050*20131003~DTM*232*20130919~DTM*233*20130919~SVC*HC:90834*100*0~DTM*472*20130919~CAS*PR*27*100~REF*6R*0~LQ*HE*N30~SE*29*0003~GE*3*156713344~IEA*1*156713344~
