ISA*00*          *00*          *ZZ*330897513      *ZZ*ASSOCIATEDBC   *131008*0142*^*00501*156714914*0*P*:~GS*HP*330897513*ASSOCIATEDBC*20131008*0142*156714914*X*005010X221A1~ST*835*0001~BPR*I*108*C*CHK************20131008~TRN*1*09822-012055172*1066033492~REF*EV*330897513~DTM*405*20131008~N1*PR*AETNA~N3*151 FARMINGTON AVENUE~N4*HARTFORD*CT*06156~PER*BL*PROVIDER SERVICE~N1*PE*ROBYN REZNIK LCSW, LLC*XX*1417034182~N3*9 PROFESSIONAL CIR STE 206~N4*COLTS NECK*NJ*077222427~REF*PQ*021638960~REF*TJ*204217997~LX*1~TS3*1417034182*11*20131231*1*250~CLP*756847618*1*250*108*12*13*E6FA8ZZSR0000*11*1~NM1*QC*1*PERRON*TRACY****MI*W097329042~NM1*82*1*REZNIK*ROBYN*M***XX*1417034182~REF*1L*0863799-010-00001- B~DTM*050*20131002~DTM*232*20130919~DTM*233*20130926~PER*CX**TE*8886323862~AMT*AU*250~SVC*HC:90834*125*54**1~DTM*472*20130919~CAS*CO*45*65~CAS*PR*2*6~REF*6R*202756847618~AMT*B6*60~SVC*HC:90834*125*54**1~DTM*472*20130926~CAS*CO*45*65~CAS*PR*2*6~REF*6R*203756847618~AMT*B6*60~SE*38*0001~ST*835*0002~BPR*I*225*C*CHK************20131008~TRN*1*08608-033353427*1066033492~REF*EV*330897513~DTM*405*20131008~N1*PR*AETNA~N3*151 FARMINGTON AVENUE~N4*HARTFORD*CT*06156~PER*BL*PROVIDER SERVICE~N1*PE*ROBYN REZNIK LCSW, LLC*XX*1417034182~N3*9 PROFESSIONAL CIR STE 206~N4*COLTS NECK*NJ*077222427~REF*PQ*021638960~REF*TJ*204217997~LX*1~TS3*1417034182*11*20131231*3*500~CLP*756847616*1*250*120**13*E5TV8YY9F0000*11*1~NM1*QC*1*KEREKES-WETHERILL*JOANNE~NM1*IL*1*KEREKES-WETHERILL*WILLIAM****MI*W193658743~NM1*74*1*WETHERILL**H~NM1*82*1*REZNIK*ROBYN*M***XX*1417034182~REF*1L*0842840-020-00002-AA~DTM*050*20131002~DTM*232*20130919~DTM*233*20130924~PER*CX**TE*8886323862~AMT*AU*250~SVC*HC:90834*125*60**1~DTM*472*20130919~CAS*CO*45*65~REF*6R*198756847616~AMT*B6*60~SVC*HC:90834*125*60**1~DTM*472*20130924~CAS*CO*45*65~REF*6R*199756847616~AMT*B6*60~CLP*756847619*1*125*65*15*12*E6PA8Z2WH0000*11*1~NM1*QC*1*PRIME*TIFFANY****MI*W186935605~NM1*82*1*REZNIK*ROBYN*M***XX*1417034182~REF*1L*0307280-010-00201- A~DTM*050*20131002~DTM*232*20130924~DTM*233*20130924~PER*CX**TE*8886323862~AMT*AU*125~SVC*HC:90834*125*65**1~DTM*472*20130924~CAS*CO*45*45~CAS*PR*3*15~REF*6R*204756847619~AMT*B6*80~CLP*756847620*1*125*40*20*13*E6YZ8Z74Q0000*11*1~NM1*QC*1*SCOTT*JEFFREY****MI*W192972550~NM1*82*1*REZNIK*ROBYN*M***XX*1417034182~REF*1L*0805488-010-00700-AL~DTM*050*20131002~DTM*232*20130927~DTM*233*20130927~PER*CX**TE*8886323862~AMT*AU*125~SVC*HC:90834*125*40**1~DTM*472*20130927~CAS*CO*45*65~CAS*PR*3*20~REF*6R*205756847620~AMT*B6*60~SE*68*0002~ST*835*0003~BPR*I*336*C*CHK************20131008~TRN*1*09822-012057120*1066033492~REF*EV*330897513~DTM*405*20131008~N1*PR*AETNA~N3*151 FARMINGTON AVENUE~N4*HARTFORD*CT*06156~PER*BL*PROVIDER SERVICE~N1*PE*SAXTON-LOPEZ, NANCY*XX*1053490193~N3*6 PROSPECT ST STE 3C~N4*MIDLAND PARK*NJ*074321634~REF*PQ*054455120~REF*TJ*096386775~LX*1~TS3*1053490193*11*20131231*4*625~CLP*757036506*1*250*144*16*13*E2YZ8Y75J0000*11*1~NM1*QC*1*FIUME*BARBARA~NM1*IL*1*FIUME*OREST****MI*W115938576~NM1*82*1*SAXTON LOPEZ*NANCY****XX*1053490193~REF*1L*0469670-022-00003- M~DTM*050*20131002~DTM*232*20130918~DTM*233*20130926~PER*CX**TE*8886323862~AMT*AU*250~SVC*HC:90834*125*72**1~DTM*472*20130918~CAS*CO*45*45~CAS*PR*2*8~REF*6R*018757036506~AMT*B6*80~SVC*HC:90834*125*72**1~DTM*472*20130926~CAS*CO*45*45~CAS*PR*2*8~REF*6R*019757036506~AMT*B6*80~CLP*757036554*1*125*65*15*13*E3JK8YZXF0000*11*1~NM1*QC*1*MULLANE*JULIE****MI*829006452~NM1*74*1***M***C*W195793181~NM1*82*1*SAXTON LOPEZ*NANCY****XX*1053490193~REF*1L*0326475-010-00155-AB~DTM*050*20131002~DTM*232*20130917~DTM*233*20130917~PER*CX**TE*8886323862~AMT*AU*125~SVC*HC:90834*125*65**1~DTM*472*20130917~CAS*CO*45*45~CAS*PR*3*15~REF*6R*096757036554~AMT*B6*80~CLP*757036517*1*125*72*8*13*E3348Z2100000*11*1~NM1*QC*1*GULBICKI*KAREN~NM1*IL*1*GULBICKI*DONALD****MI*W086425696~NM1*82*1*SAXTON LOPEZ*NANCY****XX*1053490193~REF*1L*0818945-017-00101- D~DTM*050*20131002~DTM*232*20130919~DTM*233*20130919~PER*CX**TE*8886323862~AMT*AU*125~SVC*HC:90834*125*72**1~DTM*472*20130919~CAS*CO*45*45~CAS*PR*2*8~REF*6R*039757036517~AMT*B6*80~CLP*757036591*1*125*55*25*13*E4FA8YZX30000*11*1~NM1*QC*1*TANNO*BETHANY****MI*W163910445~NM1*82*1*SAXTON LOPEZ*NANCY****XX*1053490193~REF*1L*0475014-025-00040-CA~DTM*050*20131002~DTM*232*20130916~DTM*233*20130916~PER*CX**TE*8886323862~AMT*AU*125~SVC*HC:90834*125*55**1~DTM*472*20130916~CAS*CO*45*45~CAS*PR*3*25~REF*6R*151757036591~AMT*B6*80~SE*86*0003~ST*835*0004~BPR*I*90*C*CHK************20131008~TRN*1*08608-033354573*1066033492~REF*EV*330897513~DTM*405*20131008~N1*PR*AETNA~N3*151 FARMINGTON AVENUE~N4*HARTFORD*CT*06156~PER*BL*PROVIDER SERVICE~N1*PE*SAXTON-LOPEZ, NANCY*XX*1053490193~N3*6 PROSPECT ST STE 3C~N4*MIDLAND PARK*NJ*074321634~REF*PQ*054455120~REF*TJ*096386775~LX*1~TS3*1053490193*11*20131231*2*250~CLP*W199851376*1*125*60**13*E3TV8YZXQ0000*11*1~NM1*QC*1*SKODA*ALEXIS****MI*W199851376~NM1*82*1*SAXTON LOPEZ*NANCY****XX*1053490193~REF*1L*0809651-014-00930- G~DTM*050*20131002~DTM*232*20130919~DTM*233*20130919~PER*CX**TE*8886323862~AMT*AU*125~SVC*HC:90834*125*60**1~DTM*472*20130919~CAS*CO*45*65~REF*6R*146W199851376~AMT*B6*60~CLP*757036593*1*125*30*50*13*E4PA8Z2VZ0000*11*1~NM1*QC*1*TIDSWELL*MIKALA****MI*W197104247~NM1*82*1*SAXTON LOPEZ*NANCY****XX*1053490193~REF*1L*0548669-010-00701- A~DTM*050*20131002~DTM*232*20130924~DTM*233*20130924~PER*CX**TE*8886323862~AMT*AU*125~SVC*HC:90834*125*30**1~DTM*472*20130924~CAS*CO*45*45~CAS*PR*3*50~REF*6R*154757036593~AMT*B6*80~SE*46*0004~ST*835*0005~BPR*I*40*C*CHK************20131008~TRN*1*09820-004236061*1066033492~REF*EV*330897513~DTM*405*20131008~N1*PR*AETNA~N3*151 FARMINGTON AVENUE~N4*HARTFORD*CT*06156~PER*BL*PROVIDER SERVICE~N1*PE*MAUREEN M WIESE WAIBEL, MSW LCSW, LLC*XX*1902991391~N3*800 RARITAN RD~N4*CLARK*NJ*070661710~REF*PQ*291480930~REF*TJ*262135919~LX*1~TS3*1902991391*11*20131231*1*125~CLP*120300A131001*1*125*40*20*13*E4YZ8YZZD0000*11*1~NM1*QC*1*COHEN*REBECCA****MI*W191014667~NM1*82*1*WIESE*MAUREEN****XX*1902991391~REF*1L*0837112-010-00001- A~DTM*050*20131002~DTM*232*20130927~DTM*233*20130927~PER*CX**TE*8886323862~AMT*AU*125~SVC*HC:90834*125*40**1~DTM*472*20130927~CAS*CO*45*65~CAS*PR*3*20~AMT*B6*60~SE*31*0005~ST*835*0006~BPR*I*251*C*CHK************20131008~TRN*1*08325-093757725*1066033492~REF*EV*330897513~DTM*405*20131008~N1*PR*AETNA~N3*151 FARMINGTON AVENUE~N4*HARTFORD*CT*06156~PER*BL*PROVIDER SERVICE~N1*PE*MAUREEN M WIESE WAIBEL, MSW LCSW, LLC*XX*1902991391~N3*800 RARITAN RD~N4*CLARK*NJ*070661710~REF*PQ*291480930~REF*TJ*262135919~LX*1~TS3*1902991391*11*20131231*5*625~CLP*116800A131001*1*125*54*6*13*E2PA8YZYC0000*11*1~NM1*QC*1*OSTER*FAITH~NM1*IL*1*SILVERMAN*JOEL****MI*W107315521~NM1*82*1*WIESE*MAUREEN****XX*1902991391~REF*1L*0100462-039-00001-CB~DTM*050*20131002~DTM*232*20130923~DTM*233*20130923~PER*CX**TE*8886323862~AMT*AU*125~SVC*HC:90834*125*54**1~DTM*472*20130923~CAS*CO*45*65~CAS*PR*2*6~AMT*B6*60~CLP*117700A131001*1*125*35*25*13*E2YZ8Y75S0000*11*1~NM1*QC*1*FERENCHIAK-COLE*KATHLEEN~NM1*IL*1*COLE*KEVIN****MI*W02734813503~NM1*74*1***W***C*W027348135~NM1*82*1*WIESE*MAUREEN****XX*1902991391~REF*1L*0885594-010-00001-CA~DTM*050*20131002~DTM*232*20130924~DTM*233*20130924~PER*CX**TE*8886323862~AMT*AU*125~SVC*HC:90834*125*35**1~DTM*472*20130924~CAS*CO*45*65~CAS*PR*3*25~AMT*B6*60~CLP*117800A131001*1*125*54*6*13*E3348Z2180000*11*1~NM1*QC*1*PICHON*BARBARA~NM1*IL*1*PICHON*JOHN****MI*W066897289~NM1*82*1*WIESE*MAUREEN****XX*1902991391~REF*1L*0800215-018-00001- I~DTM*050*20131002~DTM*232*20130924~DTM*233*20130924~PER*CX**TE*8886323862~AMT*AU*125~SVC*HC:90834*125*54**1~DTM*472*20130924~CAS*CO*45*65~CAS*PR*2*6~AMT*B6*60~CLP*119400A131001*1*125*54*6*13*E4FA8YZYC0000*11*1~NM1*QC*1*PICHON*BARBARA~NM1*IL*1*PICHON*JOHN****MI*W066897289~NM1*82*1*WIESE*MAUREEN****XX*1902991391~REF*1L*0800215-018-00001- I~DTM*050*20131002~DTM*232*20130926~DTM*233*20130926~PER*CX**TE*8886323862~AMT*AU*125~SVC*HC:90834*125*54**1~DTM*472*20130926~CAS*CO*45*65~CAS*PR*2*6~AMT*B6*60~CLP*120800A131001*1*125*54*6*13*E5AA8Y0HZ0000*11*1~NM1*QC*1*OSTER*FAITH~NM1*IL*1*SILVERMAN*JOEL****MI*W107315521~NM1*82*1*WIESE*MAUREEN****XX*1902991391~REF*1L*0100462-039-00001-CB~DTM*050*20131002~DTM*232*20130930~DTM*233*20130930~PER*CX**TE*8886323862~AMT*AU*125~SVC*HC:90834*125*54**1~DTM*472*20130930~CAS*CO*45*65~CAS*PR*2*6~AMT*B6*60~SE*93*0006~ST*835*0007~BPR*I*75*C*CHK************20131008~TRN*1*08608-033347814*1066033492~REF*EV*330897513~DTM*405*20131008~N1*PR*AETNA~N3*151 FARMINGTON AVENUE~N4*HARTFORD*CT*06156~PER*BL*PROVIDER SERVICE~N1*PE*MAUREEN M WIESE WAIBEL, MSW LCSW, LLC*XX*1902991391~N3*800 RARITAN RD~N4*CLARK*NJ*070661710~REF*PQ*291480930~REF*TJ*262135919~LX*1~TS3*1902991391*11*20131231*2*250~CLP*118400A131001*1*125*20*40*13*E3JK8YZXP0000*11*1~NM1*QC*1*JONES*KAREN~NM1*IL*1*JONES*ROBERT****MI*W183829228~NM1*82*1*WIESE*MAUREEN****XX*1902991391~REF*1L*0314814-011-00002-NB~DTM*050*20131002~DTM*232*20130925~DTM*233*20130925~PER*CX**TE*8886323862~AMT*AU*125~SVC*HC:90834*125*20**1~DTM*472*20130925~CAS*CO*45*65~CAS*PR*3*40~AMT*B6*60~CLP*119500A131001*1*125*55*25*12*E4PA8Z2V70000*11*1~NM1*QC*1*LONDINO*GINA****MI*W190650632~NM1*82*1*WIESE*MAUREEN****XX*1902991391~REF*1L*0701891-017-00001-IA~DTM*050*20131002~DTM*232*20130926~DTM*233*20130926~PER*CX**TE*8886323862~AMT*AU*125~SVC*HC:90834*125*55**1~DTM*472*20130926~CAS*CO*45*45~CAS*PR*3*25~AMT*B6*80~SE*46*0007~ST*835*0008~BPR*I*63*C*CHK************20131008~TRN*1*09822-012049036*1066033492~REF*EV*330897513~DTM*405*20131008~N1*PR*AETNA~N3*151 FARMINGTON AVENUE~N4*HARTFORD*CT*06156~PER*BL*PROVIDER SERVICE~N1*PE*WAY, KAREN G*XX*1477603942~N3*38 JUNIPER LN~N4*PISCATAWAY*NJ*088545632~REF*PQ*043407810~REF*TJ*264523736~LX*1~TS3*1477603942*11*20131231*1*150~CLP*114900A130930*1*150*63*10*12*EYFA8X9650000*11*1~NM1*QC*1*DUNCAN*DONNA****MI*W164954152~NM1*82*1*WAY*KAREN*G***XX*1477603942~REF*1L*0475011-010-00062- A~DTM*050*20131001~DTM*232*20130918~DTM*233*20130918~PER*CX**TE*8886323862~AMT*AU*150~SVC*HC:90834*150*63**1~DTM*472*20130918~CAS*CO*45*77~CAS*PR*3*10~AMT*B6*73~SE*31*0008~ST*835*0009~BPR*I*116*C*CHK************20131008~TRN*1*08325-093760109*1066033492~REF*EV*330897513~DTM*405*20131008~N1*PR*AETNA~N3*151 FARMINGTON AVENUE~N4*HARTFORD*CT*06156~PER*BL*PROVIDER SERVICE~N1*PE*WAY, KAREN G*XX*1477603942~N3*38 JUNIPER LN~N4*PISCATAWAY*NJ*088545632~REF*PQ*043407810~REF*TJ*264523736~LX*1~TS3*1477603942*11*20131231*2*300~CLP*115000A130930*1*150*58*15*13*EYPA8X9650000*11*1~NM1*QC*1*HANNAN*KATHLEEN~NM1*IL*1*HANNAN*MARGARET****MI*W144529269~NM1*82*1*WAY*KAREN*G***XX*1477603942~REF*1L*0701087-022-00003-UA~DTM*050*20131001~DTM*232*20130918~DTM*233*20130918~PER*CX**TE*8886323862~AMT*AU*150~SVC*HC:90834*150*58**1~DTM*472*20130918~CAS*CO*45*77~CAS*PR*3*15~AMT*B6*73~CLP*115100A130930*1*150*58*15*13*EYYZ8X9600000*11*1~NM1*QC*1*HANNAN*MARGARET****MI*W144529269~NM1*82*1*WAY*KAREN*G***XX*1477603942~REF*1L*0701087-022-00003-UA~DTM*050*20131001~DTM*232*20130918~DTM*233*20130918~PER*CX**TE*8886323862~AMT*AU*150~SVC*HC:90834*150*58**1~DTM*472*20130918~CAS*CO*45*77~CAS*PR*3*15~AMT*B6*73~SE*46*0009~ST*835*0010~BPR*I*75*C*CHK************20131008~TRN*1*09822-012047275*1066033492~REF*EV*330897513~DTM*405*20131008~N1*PR*AETNA~N3*151 FARMINGTON AVENUE~N4*HARTFORD*CT*06156~PER*BL*PROVIDER SERVICE~N1*PE*ROZOV, ELISSA J*XX*1942403613~N3*8 N 2ND AVE~N4*HIGHLAND PARK*NJ*089042419~REF*PQ*542101080~REF*TJ*205426906~LX*1~TS3*1942403613*11*20131231*1*165~CLP*757086214*1*165*75*20*13*E2FA8ZZVT0000*11*1~NM1*QC*1*BRASKO*DONNA****MI*W157202429~NM1*82*1*ROZOV*ELISSA J****XX*1942403613~REF*1L*0475017-010-00017- U~DTM*050*20131002~DTM*232*20130910~DTM*233*20130910~PER*CX**TE*8886323862~AMT*AU*165~SVC*HC:90834*165*75**1~DTM*472*20130910~CAS*CO*45*70~CAS*PR*3*20~REF*6R*431757086214~AMT*B6*95~SE*32*0010~ST*835*0011~BPR*I*453*C*CHK************20131008~TRN*1*08325-093758308*1066033492~REF*EV*330897513~DTM*405*20131008~N1*PR*AETNA~N3*151 FARMINGTON AVENUE~N4*HARTFORD*CT*06156~PER*BL*PROVIDER SERVICE~N1*PE*ROZOV, ELISSA J*XX*1942403613~N3*8 N 2ND AVE~N4*HIGHLAND PARK*NJ*089042419~REF*PQ*542101080~REF*TJ*205426906~LX*1~TS3*1942403613*11*20131231*2*990~CLP*757086215*1*495*225*60*13*E2PA8YZY10000*11*1~NM1*QC*1*GENECKI*PETER 1~NM1*IL*1*GENECKI*CAROL*A***MI*W177744349~NM1*82*1*ROZOV*ELISSA J****XX*1942403613~REF*1L*0479237-032-00012- A~DTM*050*20131002~DTM*232*20130911~DTM*233*20130925~PER*CX**TE*8886323862~AMT*AU*495~SVC*HC:90834*165*75**1~DTM*472*20130911~CAS*CO*45*70~CAS*PR*3*20~REF*6R*433757086215~AMT*B6*95~SVC*HC:90834*165*75**1~DTM*472*20130918~CAS*CO*45*70~CAS*PR*3*20~REF*6R*434757086215~AMT*B6*95~SVC*HC:90834*165*75**1~DTM*472*20130925~CAS*CO*45*70~CAS*PR*3*20~REF*6R*435757086215~AMT*B6*95~CLP*757086216*1*495*228*57*13*E2YZ8Y76G0000*11*1~NM1*QC*1*LAINOF*MICHELE****MI*W159211887~NM1*74*1*MULLEN*JEREMY*M~NM1*82*1*ROZOV*ELISSA J****XX*1942403613~REF*1L*0800100-016-00001-HD~DTM*050*20131002~DTM*232*20130916~DTM*233*20130930~PER*CX**TE*8886323862~AMT*AU*495~SVC*HC:90834*165*76**1~DTM*472*20130916~CAS*CO*45*70~CAS*PR*2*19~REF*6R*436757086216~AMT*B6*95~SVC*HC:90834*165*76**1~DTM*472*20130923~CAS*CO*45*70~CAS*PR*2*19~REF*6R*437757086216~AMT*B6*95~SVC*HC:90834*165*76**1~DTM*472*20130930~CAS*CO*45*70~CAS*PR*2*19~REF*6R*438757086216~AMT*B6*95~SE*73*0011~ST*835*0012~BPR*I*55*C*CHK************20131008~TRN*1*08608-033356357*1066033492~REF*EV*330897513~DTM*405*20131008~N1*PR*AETNA~N3*151 FARMINGTON AVENUE~N4*HARTFORD*CT*06156~PER*BL*PROVIDER SERVICE~N1*PE*ARENA, ROSEMARY*XX*1033218813~N3*49 MARKET ST~N4*SADDLE BROOK*NJ*076634849~REF*PQ*738787090~REF*TJ*053327939~LX*1~TS3*1033218813*11*20131231*1*150~CLP*757499632*1*150*55*40*13*E2PA8ZHQP0000*11*1~NM1*QC*1*SHAND*STACY ANN****MI*W175783769~NM1*74*1**STACEY-ANN*A~NM1*82*1*ARENA*ROSEMARY****XX*1033218813~REF*1L*0524039-010-00001-BA~DTM*050*20131003~DTM*232*20130930~DTM*233*20130930~PER*CX**TE*8886323862~AMT*AU*150~SVC*HC:90837*150*55**1~DTM*472*20130930~CAS*CO*45*55~CAS*PR*3*40~REF*6R*228757499632~AMT*B6*95~SE*33*0012~GE*12*156714914~IEA*1*156714914~
