ISA*00*          *00*          *ZZ*330897513      *ZZ*ASSOCIATEDBC   *131008*0641*U*00401*156737563*0*P*:~GS*HP*330897513*ASSOCIATEDBC*20131008*0641*156737563*X*004010X091A1~ST*835*0001~BPR*I*86.5*C*CHK************20131008~TRN*1*41938243*1942649097*000087726~DTM*405*20131008~N1*PR*UNITED HEALTHCARE INSURANCE COMPANY*XV*87726~N3*P.O. BOX 1459-ROUTE MN010-S155~N4*MINNEAPOLIS*MN*554401459~REF*2U*87726~PER*CX*UNITED HEALTHCARE SERVICES, IN*TE*8778423210~N1*PE*EDELMAN, DANIEL*XX*1891744421~N3*13 EAGLE TER~N4*WEST ORANGE*NJ*070525006~REF*TJ*203009626~LX*1~CLP*752347290*1*300*86.5*80*16*NYC8042975800*11~NM1*QC*1*MCGEE*ROBERT****MI*972388455~NM1*74*1*MCGEE JR*ROBERT*T~NM1*82*1*EDELMAN*LP*D***XX*1629041165~REF*1L*40552~REF*CE*AARP MEDICARECOMPLETE PLAN 2~DTM*050*20130920~DTM*232*20130826~DTM*233*20130911~AMT*AU*166.5~SVC*HC:90834*150*43.25**1~DTM*472*20130826~CAS*PR*3*40~CAS*CO*45*66.75~REF*6R*750752347290~AMT*B6*83.25~SVC*HC:90834*150*43.25**1~DTM*472*20130911~CAS*PR*3*40~CAS*CO*45*66.75~REF*6R*751752347290~AMT*B6*83.25~SE*37*0001~ST*835*0002~BPR*I*20*C*CHK************20131008~TRN*1*41938253*1942649097*000087726~DTM*405*20131008~N1*PR*UNITED HEALTHCARE INSURANCE COMPANY*XV*87726~N3*P.O. BOX 1459-ROUTE MN010-S155~N4*MINNEAPOLIS*MN*554401459~REF*2U*87726~PER*CX*UNITED HEALTHCARE SERVICES, IN*TE*8778423210~N1*PE*WIESE WAIBEL, MAUREEN*XX*1902991391~N3*800 RARITAN RD~N4*CLARK*NJ*070661710~REF*TJ*262135919~LX*1~CLP*86300A130917*1*125*20*40*16*NYC8039608800*11~NM1*QC*1*DUDAR*MARTHA****MI*95865355700~NM1*74*1*DUDAR*MARTHA*L***C*958653557~REF*1L*40550~REF*CE*AARP MEDICARECOMPLETE PLAN 1~DTM*050*20130918~DTM*232*20130909~AMT*AU*60~SVC*HC:90834*125*20**1~DTM*472*20130909~CAS*PR*3*40~CAS*CO*45*65~REF*6R*0~AMT*B6*60~SE*29*0002~GE*2*156737563~IEA*1*156737563~
