ISA*00*          *00*          *ZZ*330897513      *ZZ*ASSOCIATEDBC   *131008*1014*U*00401*156774560*0*P*:~GS*HP*330897513*ASSOCIATEDBC*20131008*1014*156774560*X*004010X091A1~ST*835*0001~BPR*I*314.62*C*ACH*CCP*01*031100225*DA*2079950064280/*1220999690**01*231372691*DA*0181143836*20131005~TRN*1*0004340440*1220999690*8352013100600380814~REF*EV*1902991391~DTM*405*20131005~N1*PR*HORIZON BCBSNJ~N3*PAYOR ADDRESS 1~N4*NEWARK*NJ*071010420~REF*2U*22099~N1*PE*M M WIESE WAIBEL LCSW*XX*1902991391~N3*800 RARITAN RD~N4*CLARK*NJ*070661710~REF*PQ*2621359190~REF*TJ*262135919~LX*1~CLP*117000A131001*1*125*45*15*13*780261327672958   00**1~NM1*QC*1*CORNWELL*ELIZABETH****MI*3HZN852616900~NM1*74*1*CORNWELL*ELIZABETH*H***C*NJX3HZN85261690~NM1*82*2*M M WIESE WAIBEL LCSW*****XX*1902991391~DTM*050*20131003~DTM*232*20130923~DTM*233*20130923~PER*CX*NJ DIRECT*TE*8006241110~AMT*AU*60~AMT*T2*45~SVC*HC:99199*125*45**1*HC:90834~DTM*472*20130923~CAS*PR*3*15~CAS*CO*45*65~REF*6R*0~REF*HPI*1902991391~AMT*B6*60~CLP*84200A130917*2*125*12.62*10*13*780281327724201   00**1~NM1*QC*1*COSQUER*DOLORES****MI*3HZN22671350~NM1*82*2*M M WIESE WAIBEL LCSW*****XX*1902991391~DTM*050*20131004~DTM*232*20130904~DTM*233*20130904~PER*CX*NJ DIRECT*TE*8006241110~AMT*AU*63.79~AMT*T2*12.62~SVC*HC:99199*125*12.62**1*HC:90834~DTM*472*20130904~CAS*PR*3*10~CAS*OA*23*102.38~REF*6R*0~REF*HPI*1902991391~AMT*B6*63.79~CLP*119700A131001*1*125*45*15*13*780261327679528   00**1~NM1*QC*1*LENAHAN*MEAGHAN****MI*3HZN361915300~NM1*74*1*LENAHAN*MEAGHAN*M***C*NJX3HZN36191530~NM1*82*2*M M WIESE WAIBEL LCSW*****XX*1902991391~DTM*050*20131003~DTM*232*20130926~DTM*233*20130926~PER*CX*NJ DIRECT*TE*8006241110~AMT*AU*60~AMT*T2*45~SVC*HC:99199*125*45**1*HC:90834~DTM*472*20130926~CAS*PR*3*15~CAS*CO*45*65~REF*6R*0~REF*HPI*1902991391~AMT*B6*60~CLP*121000A131001*1*125*45*15*13*780261327679526   00**1~NM1*QC*1*PAONE*BARBARA*A***MI*NJX3HZN47086210~NM1*IL*1*PAONE*JOE****MI*3HZN470862100~NM1*74*1*PAONE*JOSEPH****C*3HZN470862100~NM1*82*2*M M WIESE WAIBEL LCSW*****XX*1902991391~DTM*050*20131003~DTM*232*20130930~DTM*233*20130930~PER*CX*NJ DIRECT*TE*8006241110~AMT*AU*60~AMT*T2*45~SVC*HC:99199*125*45**1*HC:90834~DTM*472*20130930~CAS*PR*3*15~CAS*CO*45*65~REF*6R*0~REF*HPI*1902991391~AMT*B6*60~CLP*120900A131001*1*125*59*10*12*780261327710596   00**1~NM1*QC*1*DOHERTY*MARCELLE*N***MI*YHB3HZN74465430~NM1*IL*1*DOHERTY*DANIEL****MI*3HZN744654300~NM1*74*1*DOHERTY*DANIEL*J***C*3HZN744654300~NM1*82*2*M M WIESE WAIBEL LCSW*****XX*1902991391~DTM*050*20131003~DTM*232*20130930~DTM*233*20130930~PER*CX*NATIONAL ACCOUNTS SERVICED IN MT.LAUREL*TE*8006244758~AMT*AU*69~AMT*T2*59~SVC*HC:99199*125*59**1*HC:90834~DTM*472*20130930~CAS*PR*3*10~CAS*CO*45*56~REF*6R*0~REF*HPI*1902991391~AMT*B6*69~CLP*120100A131001*1*125*54*15*12*780261327711039   00**1~NM1*QC*1*DUFFY*JULIE****MI*3HZN563169500~NM1*74*1*DUFFY*JULIE*A***C*YHB3HZN56316950~NM1*82*2*M M WIESE WAIBEL LCSW*****XX*1902991391~DTM*050*20131003~DTM*232*20130927~DTM*233*20130927~PER*CX*NATIONAL ACCOUNTS SERVICED IN MT.LAUREL*TE*8006244758~AMT*AU*69~AMT*T2*54~SVC*HC:99199*125*54**1*HC:90834~DTM*472*20130927~CAS*PR*3*15~CAS*CO*45*56~REF*6R*0~REF*HPI*1902991391~AMT*B6*69~CLP*116900A131001*1*125*54*15*12*780261327711386   00**1~NM1*QC*1*GREFFER*CHANTAL****MI*3HZN143458400~NM1*74*1*GREFFER*CHANTAL*M***C*YHB3HZN14345840~NM1*82*2*M M WIESE WAIBEL LCSW*****XX*1902991391~DTM*050*20131003~DTM*232*20130923~DTM*233*20130923~PER*CX*NATIONAL ACCOUNTS SERVICED IN MT.LAUREL*TE*8006244758~AMT*AU*69~AMT*T2*54~SVC*HC:99199*125*54**1*HC:90834~DTM*472*20130923~CAS*PR*3*15~CAS*CO*45*56~REF*6R*0~REF*HPI*1902991391~AMT*B6*69~SE*136*0001~ST*835*0002~BPR*I*271.4*C*ACH*CCP*01*031100225*DA*2079950064280/*1220999690**01*021200025*DA*2000030280694*20131005~TRN*1*0004336578*1220999690*8352013100600390957~REF*EV*1598809212~DTM*405*20131005~N1*PR*HORIZON BCBSNJ~N3*PAYOR ADDRESS 1~N4*NEWARK*NJ*071010420~REF*2U*22099~N1*PE*W BENTON PHD*XX*1598809212~N3*PO BOX 3524~N4*UNION*NJ*070831896~REF*PQ*2083116130~REF*TJ*208311613~LX*1~CLP*754598864*1*160*65.7*7.3*13*780271327005277   00**1~NM1*QC*1*GORE*CHRISTOPHER****MI*3HZN720642400~NM1*74*1*GORE*CHRISTOPHE*C***C*NJX3HZN72064240~NM1*82*2*W  BENTON PHD*****XX*1598809212~DTM*050*20130927~DTM*232*20130918~DTM*233*20130918~PER*CX*NJ DIRECT*TE*8006241110~AMT*AU*73~AMT*T2*65.7~SVC*HC:99199*160*65.7**1*HC:90834~DTM*472*20130918~CAS*PR*2*7.3~CAS*CO*45*87~REF*6R*888754598864~REF*HPI*1598809212~AMT*B6*73~CLP*754598867*1*175*65.7*7.3*13*780271327001840   00**1~NM1*QC*1*MCCOMBS*JEREMY****MI*NJX3HZN87377660~NM1*IL*1*MCCOMBS*ROSLYN****MI*3HZN873776600~NM1*74*1*MCCOMBS*ROSLYN*R***C*3HZN873776600~NM1*82*2*W  BENTON PHD*****XX*1598809212~DTM*050*20130927~DTM*232*20130921~DTM*233*20130921~PER*CX*NJ DIRECT*TE*8006241110~AMT*AU*73~AMT*T2*65.7~SVC*HC:90847*175*65.7**1~DTM*472*20130921~CAS*PR*2*7.3~CAS*CO*45*102~REF*6R*891754598867~REF*HPI*1598809212~AMT*B6*73~CLP*754598873*1*160*63*10*13*780261327074896   00**1~NM1*QC*1*TUITT*RONALD*S***MI*NJX3HZN10725950~NM1*82*2*W  BENTON PHD*****XX*1598809212~DTM*050*20130927~DTM*232*20130918~DTM*233*20130918~PER*CX*NJ DIRECT*TE*8006241110~AMT*AU*73~AMT*T2*63~SVC*HC:99199*160*63**1*HC:90834~DTM*472*20130918~CAS*PR*3*10~CAS*CO*45*87~REF*6R*897754598873~REF*HPI*1598809212~AMT*B6*73~CLP*757631689*1*160*77*15*12*780271327719093   00**1~NM1*QC*1*SOLOMON*VANETTA****MI*3HZN539855400~NM1*74*1*SOLOMON*VANETTA*L***C*YHB3HZN53985540~NM1*82*2*W  BENTON PHD*****XX*1598809212~DTM*050*20131004~DTM*232*20130924~DTM*233*20130924~PER*CX*NATIONAL ACCOUNTS SERVICED IN MT.LAUREL*TE*8006244758~AMT*AU*92~AMT*T2*77~SVC*HC:99199*160*77**1*HC:90834~DTM*472*20130924~CAS*PR*3*15~CAS*CO*45*68~REF*6R*345757631689~REF*HPI*1598809212~AMT*B6*92~SE*84*0002~GE*2*156774560~IEA*1*156774560~
