ISA*00*          *00*          *ZZ*330897513      *ZZ*ASSOCIATEDBC   *131008*1306*^*00501*156814368*0*P*:~GS*HP*330897513*ASSOCIATEDBC*20131008*1306*156814368*X*005010X221A1~ST*835*0001~BPR*I*178.1*C*ACH*CCP*01*021200025*DA*2000012995156*1216000928*021200025*01*221283512*DA*95665700570381*20131011~TRN*1*3AG138576*1216000928*021200025~REF*EV*9904204~DTM*405*20131004~N1*PR*NEW JERSEY MEDICAID~N3*3705 QUAKERBRIDGE ROAD, SUITE 101~N4*TRENTON*NJ*086191288~PER*CX*NEW JERSEY MEDICAID PROVIDER SERVICES*TE*8007766334~PER*BL*NEW JERSEY EDI UNIT*TE*6095886051*EM*NJMMISEDI@MOLINAHEALTHCARE.COM*FX*6095848268~PER*IC**UR*WWW.NJMMIS.COM~N1*PE*WAY          KAREN      GPHD*XX*1477603942~REF*PQ*0225177~REF*TJ*008388097~LX*1~CLP*114400A130930*1*150*35.64**MC*201327453937501*11*1~NM1*QC*1*TRANTAS  JR.*JOSEPH****MR*043025330602~DTM*232*20130917~DTM*233*20130917~AMT*AU*35.64~SVC*HC:90834*150*35.64**1**0~DTM*472*20130917~CAS*CO*45*114.36~REF*6R*0~AMT*B6*35.64~CLP*114600A130930*1*150*35.64**MC*201327453937601-0306*11*1~NM1*QC*1*DIX-MOON*KIMBERLI****MR*123035462701~DTM*232*20130918~DTM*233*20130918~AMT*AU*35.64~SVC*HC:90834*150*35.64**1**0~DTM*472*20130918~CAS*CO*45*114.36~REF*6R*0~AMT*B6*35.64~LQ*HE*MA80~CLP*115200A130930*1*150*35.64**MC*201327453937701*11*1~NM1*QC*1*TRANTAS  JR.*JOSEPH****MR*043025330602~DTM*232*20130919~DTM*233*20130919~AMT*AU*35.64~SVC*HC:90834*150*35.64**1**0~DTM*472*20130919~CAS*CO*45*114.36~REF*6R*0~AMT*B6*35.64~CLP*115800A130930*1*150*71.18**MC*201327453937801-1258*11*1~NM1*QC*1*DIEFENBACKER*NICOLE****MR*243065069821~DTM*232*20130920~DTM*233*20130920~AMT*AU*71.18~SVC*HC:90834*150*71.18**1**0~DTM*472*20130920~CAS*CO*45*78.82~REF*6R*0~AMT*B6*71.18~LQ*HE*N45~SE*58*0001~GE*1*156814368~IEA*1*156814368~
