ISA*00*          *00*          *ZZ*330897513      *ZZ*ASSOCIATEDBC   *131009*0702*^*00501*156940679*0*P*:~GS*HP*330897513*ASSOCIATEDBC*20131009*0702*156940679*X*005010X221A1~ST*835*0001~BPR*I*54.93*C*ACH*CCP*01*043301627*DA*1028900224*1571132733*000000000*01*231372691*DA*0181143836*20131008~TRN*1*5041375280NR4*1571132733*000000000~REF*EV*7GW0013CA3~REF*F2*262135919     R81031007000924~DTM*405*20131007~N1*PR*PGBA, LLC~N3*TRICARE NORTH REGION CLAIMS*P.O. BOX 870140~N4*SURFSIDE BEACH*SC*295879740~PER*CX*TRICARE NORTH REGION CLAIMS CORRESPONDENCE*TE*8778742273~PER*BL*TRICARE ELECTRONIC CLAIMS SERVICE CENTER*TE*8003255920~N1*PE*MAUREEN M WIESE-WAIBEL LCSW*XX*1902991391~N3*1800 RARITAN RD~N4*CLARK*NJ*07066~REF*TJ*262135919~LX*1~CLP*119600A131001*1*125*54.93**CH*3275X0ZLV-00*11*1~NM1*QC*1*WHITE*GABRIELLE*J***HN*119600A131001~NM1*IL*1*WHITE*SYDNEY*M***MI*150502207~DTM*050*20131002~AMT*AU*54.93~SVC*HC:90834*125*54.93~DTM*472*20130926~CAS*CO*45*70.07~REF*6R*0~AMT*B6*54.93~SE*27*0001~GE*1*156940679~IEA*1*156940679~
