ISA*00*          *00*          *ZZ*330897513      *ZZ*ASSOCIATEDBC   *131009*0422*^*00501*156929235*0*P*:~GS*HP*330897513*ASSOCIATEDBC*20131009*0422*156929235*X*005010X221A1~ST*835*0001~BPR*I*85*C*ACH*CCP*01*011900445*DA*0000009046*1066033492**01*021200025*DA*2000030280694*20131015~TRN*1*813281560000674*1066033492~REF*EV*330897513~DTM*405*20131009~N1*PR*AETNA~N3*151 FARMINGTON AVENUE~N4*HARTFORD*CT*06156~PER*BL*PROVIDER SERVICE~N1*PE*BENTON, WAYMON*XX*1598809212~N3*PO BOX 3524~N4*UNION*NJ*070831896~REF*PQ*536778860~REF*TJ*208311613~LX*1~TS3*1598809212*11*20131231*3*480~CLP*757631676*1*160*25*35*13*E8FA80JC60000*11*1~NM1*QC*1*BOOKER*DARRELL****MI*W184185105~NM1*82*1*BENTON*WAYMON****XX*1598809212~REF*1L*0469807-010-00101-BA~DTM*050*20131003~DTM*232*20130928~DTM*233*20130928~PER*CX**TE*8886323862~AMT*AU*160~SVC*HC:90834*160*25**1~DTM*472*20130928~CAS*CO*45*100~CAS*PR*3*35~REF*6R*330757631676~AMT*B6*60~CLP*757631679*1*160*30*30*13*E8PA8ZJBB0000*11*1~NM1*QC*1*DELUCA*MARIA****MI*W187229724~NM1*82*1*BENTON*WAYMON****XX*1598809212~REF*1L*0836414-010-00001- A~DTM*050*20131003~DTM*232*20130924~DTM*233*20130924~PER*CX**TE*8886323862~AMT*AU*160~SVC*HC:90834*160*30**1~DTM*472*20130924~CAS*CO*45*100~CAS*PR*3*30~REF*6R*333757631679~AMT*B6*60~CLP*757631680*1*160*30*30*13*E8YZ8Z8270000*11*1~NM1*QC*1*FLINT*STEPHANIE****MI*W198353706~NM1*82*1*BENTON*WAYMON****XX*1598809212~REF*1L*0836414-010-00067- A~DTM*050*20131003~DTM*232*20130926~DTM*233*20130926~PER*CX**TE*8886323862~AMT*AU*160~SVC*HC:90834*160*30**1~DTM*472*20130926~CAS*CO*45*100~CAS*PR*3*30~REF*6R*334757631680~AMT*B6*60~SE*62*0001~ST*835*0002~BPR*I*60*C*ACH*CCP*01*031100209*DA*0000009108*1066033492**01*021200025*DA*2000030280694*20131015~TRN*1*813281510000594*1066033492~REF*EV*330897513~DTM*405*20131009~N1*PR*AETNA~N3*151 FARMINGTON AVENUE~N4*HARTFORD*CT*06156~PER*BL*PROVIDER SERVICE~N1*PE*BENTON, WAYMON*XX*1598809212~N3*PO BOX 3524~N4*UNION*NJ*070831896~REF*PQ*536778860~REF*TJ*208311613~LX*1~TS3*1598809212*11*20131231*1*160~CLP*757631694*1*160*60**13*E9018XV060000*11*1~NM1*QC*1*TERIELL*MALA****MI*W201063423~NM1*74*1*TERRELL**R~NM1*82*1*BENTON*WAYMON****XX*1598809212~REF*1L*0837226-010-00000- A~DTM*050*20131003~DTM*232*20130928~DTM*233*20130928~PER*CX**TE*8886323862~AMT*AU*160~SVC*HC:90834*160*60**1~DTM*472*20130928~CAS*CO*45*100~REF*6R*352757631694~AMT*B6*60~SE*32*0002~GE*2*156929235~IEA*1*156929235~
