ISA*00*          *00*          *ZZ*330897513      *ZZ*ASSOCIATEDBC   *131009*0141*^*00501*156913447*0*P*:~GS*HP*330897513*ASSOCIATEDBC*20131009*0141*156913447*X*005010X221A1~ST*835*0001~BPR*I*50*C*CHK************20131003~TRN*1*336003009*1060303370~REF*EV*870426777~REF*F2*1~DTM*405*20131005~N1*PR*CONNECTICUT GENERAL LIFE INSURANCE COMPANY~N3*P.O. BOX 182223~N4*CHATTANOOGA*TN*374227223~PER*BL*HP*EM*CLAIMS.INTAKE.APP.SUPPORT@HP.COM~PER*IC**UR*WWW.CIGNAFORHCP.COM~N1*PE*MAUREEN WIESE-WAIBEL MSW*XX*1902991391~N3*800 RARITAN RD~N4*CLARK*NJ*070661710~REF*TJ*262135919~LX*1~CLP*119000A131001*1*125*50*20*13*7681327505161*11*1~NM1*QC*1*MCANDREW*PATRICIA****MI*U3513948001~NM1*82*1*WIESE-WAIBEL*MAUREEN****FI*262135919~REF*1L*3210608~REF*CE*OPEN ACCESS PLUS IN-NETWORK~DTM*050*20131002~DTM*232*20130925~DTM*233*20130925~PER*CX*MEMBER SERVICES*TE*8002446224~AMT*AU*70~SVC*HC:90834*125*50**1~CAS*CO*45*55~CAS*PR*3*20~REF*6R*0~AMT*B6*70~SE*32*0001~ST*835*0002~BPR*I*63*C*CHK************20131004~TRN*1*704745156*1411648670~REF*EV*870426777~REF*F2*1~DTM*405*20131005~N1*PR*CIGNA BEHAVIORAL HEALTH INC.~N3*P.O. BOX 182223~N4*CHATTANOOGA*TN*374227223~PER*BL*HP*EM*CLAIMS.INTAKE.APP.SUPPORT@HP.COM~PER*IC**UR*WWW.CIGNAFORHCP.COM~N1*PE*JONATHAN C BEAZLEY LCDC*XX*1619185469~N3*103 MANSFIELD HOLLOW RD~N4*MANSFIELD CTR*CT*062501317~REF*TJ*454403457~LX*1~CLP*121500A131002*1*100*63*5*13*8681327609979*11*1~NM1*QC*1*BATES*CATHARINA ANN****MI*U3036483202~NM1*IL*1*BATES*DOUGLAS A.****MI*U3036483201~NM1*74*1*BATES*CATHARINA****C*U3036483202~NM1*82*1*BEAZLEY LCDC*JONATHAN*C***FI*454403457~REF*1L*3329502~REF*CE*OPEN ACCESS PLUS~DTM*050*20131003~DTM*232*20130919~DTM*233*20130919~PER*CX*MEMBER SERVICES*TE*8002446224~AMT*AU*68~SVC*HC:90834*100*63**1~CAS*CO*45*32~CAS*PR*3*5~REF*6R*0~AMT*B6*68~SE*34*0002~ST*835*0003~BPR*I*126*C*ACH*CCP*01*093702139*DA*0601849573*1591031071**01*011200608*DA*191410030420*20131009~TRN*1*131005090000714*1591031071~REF*EV*870426777~REF*F2*1~DTM*405*20131006~N1*PR*CIGNA HEALTH AND LIFE INSURANCE COMPANY~N3*P.O. BOX 182223~N4*CHATTANOOGA*TN*374227223~PER*BL*HP*EM*CLAIMS.INTAKE.APP.SUPPORT@HP.COM~PER*IC**UR*WWW.CIGNAFORHCP.COM~N1*PE*KARIN D RAPEL KINNEY MSW*XX*1063567766~N3*191 VALLEY RD~N4*RAYMOND*ME*040716163~REF*TJ*141784965~LX*1~CLP*127000A131002*1*90*63**13*8431327696879*11*1~NM1*QC*1*ALBERT*KAREN****MI*U4198771101~NM1*82*1*RAPEL KINNEY*KARIN*D***FI*141784965~REF*1L*2498647~REF*CE*OPEN ACCESS PLUS~DTM*050*20131003~DTM*232*20130919~DTM*233*20130919~PER*CX*MEMBER SERVICES*TE*8002446224~AMT*AU*63~SVC*HC:90834*90*63**1~CAS*CO*45*27~REF*6R*0~AMT*B6*63~CLP*126700A131002*1*90*63**13*8431327697252*11*1~NM1*QC*1*ALBERT*KAREN****MI*U4198771101~NM1*82*1*RAPEL KINNEY*KARIN*D***FI*141784965~REF*1L*2498647~REF*CE*OPEN ACCESS PLUS~DTM*050*20131003~DTM*232*20130924~DTM*233*20130924~PER*CX*MEMBER SERVICES*TE*8002446224~AMT*AU*63~SVC*HC:90834*90*63**1~CAS*CO*45*27~REF*6R*0~AMT*B6*63~SE*45*0003~GE*3*156913447~IEA*1*156913447~
