ISA*00*          *00*          *ZZ*330897513      *ZZ*ASSOCIATEDBC   *131010*0312*^*00501*157099039*0*P*:~GS*HP*330897513*ASSOCIATEDBC*20131010*0312*157099039*X*005010X221A1~ST*835*0001~BPR*I*329.34*C*ACH*CCP*01*081517693*DA*152302017073*1205296137**01*221272303*DA*3010001018*20131008~TRN*1*886008511*1205296137~REF*EV*1929361~DTM*405*20131007~N1*PR*NOVITAS SOLUTIONS, INC.~N3*PO BOX 3031~N4*MECHANICSBURG*PA*170551803~REF*2U*12402~PER*CX**TE*8772358073~PER*BL*NOVITAS SOLUTIONS, INC. EDI SERVICES*TE*8772358073*EX*1*EM*WEBSITEEDI@NOVITAS_SOLUTIONS.COM~N1*PE*MAUREEN J. HUDAK  CP*XX*1013063346~N3*SUITE 2A*47 RARITAN AVE~N4*HIGHLAND PARK*NJ*089042440~REF*TJ*142460069~LX*1~CLP*088460853 A*19*600*219.56*120.64*MB*0813252060070*11~NM1*QC*1*ARON*JOANNA****HN*088460853A~NM1*TT*2*GHI PPO*****PI*00035~MOA***MA01*MA18~DTM*050*20130909~SVC*HC:90834*150*54.89**1~DTM*472*20130821~CAS*CO*45*63.83**223*1.12~CAS*PR*2*14**122*16.16~REF*6R*LX#01~REF*LU*11~AMT*B6*86.17~SVC*HC:90834*150*54.89**1~DTM*472*20130823~CAS*CO*45*63.83**223*1.12~CAS*PR*2*14**122*16.16~REF*6R*LX#02~REF*LU*11~AMT*B6*86.17~SVC*HC:90834*150*54.89**1~DTM*472*20130828~CAS*CO*45*63.83**223*1.12~CAS*PR*2*14**122*16.16~REF*6R*LX#03~REF*LU*11~AMT*B6*86.17~SVC*HC:90834*150*54.89**1~DTM*472*20130830~CAS*CO*45*63.83**223*1.12~CAS*PR*2*14**122*16.16~REF*6R*LX#04~REF*LU*11~AMT*B6*86.17~CLP*156801936 A*19*300*109.78*60.32*MB*0813252060080*11~NM1*QC*1*MARIANO*MELISSA****HN*156801936A~NM1*TT*2*HORIZON BCBS OF NEW JERSEY*****PI*00019~MOA***MA01*MA18~DTM*050*20130909~SVC*HC:90834*150*54.89**1~DTM*472*20130822~CAS*CO*45*63.83**223*1.12~CAS*PR*2*14**122*16.16~REF*6R*LX#01~REF*LU*11~AMT*B6*86.17~SVC*HC:90834*150*54.89**1~DTM*472*20130827~CAS*CO*45*63.83**223*1.12~CAS*PR*2*14**122*16.16~REF*6R*LX#02~REF*LU*11~AMT*B6*86.17~SE*69*0001~ST*835*0002~BPR*I*329.36*C*ACH*CCP*01*081517693*DA*152302017073*1205296137**01*221271935*DA*023856318*20131008~TRN*1*886005323*1205296137~REF*EV*1929361~DTM*405*20131007~N1*PR*NOVITAS SOLUTIONS, INC.~N3*PO BOX 3031~N4*MECHANICSBURG*PA*170551803~REF*2U*12402~PER*CX**TE*8772358073~PER*BL*NOVITAS SOLUTIONS, INC. EDI SERVICES*TE*8772358073*EX*1*EM*WEBSITEEDI@NOVITAS_SOLUTIONS.COM~N1*PE*NANCY J. SAXTON LOPEZ  CSW*XX*1053490193~N3*SUITE 3C*6 PROSPECT STREET~N4*MIDLAND PARK*NJ*074321634~REF*TJ*096386775~LX*1~CLP*0*19*125*41.17*22.62*MB*0813252060390*11~NM1*QC*1*BAUER JR*WALTER*W***HN*146286708A~NM1*TT*2*HORIZON BCBS OF NEW JERSEY*****PI*00019~MOA***MA01*MA18~DTM*050*20130909~SVC*HC:90834*125*41.17**1~DTM*472*20130821~CAS*CO*45*60.37**223*0.84~CAS*PR*2*10.5**122*12.12~REF*6R*LX#01~REF*LU*11~AMT*B6*64.63~CLP*NANCY SAXT0NL*19*500*164.68*90.48*MB*0813252060030*11~NM1*QC*1*BOCCHINO*MARIANNE****HN*156327016A~NM1*TT*2*HORIZON BCBS OF NEW JERSEY*****PI*80003~MOA***MA01*MA18~DTM*050*20130909~SVC*HC:90834*125*41.17**1~DTM*472*20130814~CAS*CO*45*60.37**223*0.84~CAS*PR*2*10.5**122*12.12~REF*6R*LX#01~REF*LU*11~AMT*B6*64.63~SVC*HC:90834*125*41.17**1~DTM*472*20130823~CAS*CO*45*60.37**223*0.84~CAS*PR*2*10.5**122*12.12~REF*6R*LX#02~REF*LU*11~AMT*B6*64.63~SVC*HC:90834*125*41.17**1~DTM*472*20130829~CAS*CO*45*60.37**223*0.84~CAS*PR*2*10.5**122*12.12~REF*6R*LX#03~REF*LU*11~AMT*B6*64.63~SVC*HC:90834*125*41.17**1~DTM*472*20130831~CAS*CO*45*60.37**223*0.84~CAS*PR*2*10.5**122*12.12~REF*6R*LX#04~REF*LU*11~AMT*B6*64.63~CLP*NANCY SAXT0NL*19*125*41.17*22.62*MB*0813252060040*11~NM1*QC*1*DANIEL*JANE****HN*058402469T~NM1*TT*2*UNITEDHEALTHCARE*****PI*00082~MOA***MA01*MA27*MA18~DTM*050*20130909~SVC*HC:90834*125*41.17**1~DTM*472*20130823~CAS*CO*45*60.37**223*0.84~CAS*PR*2*10.5**122*12.12~REF*6R*LX#01~REF*LU*11~AMT*B6*64.63~CLP*0*19*125*41.17*22.62*MB*0813252060360*11~NM1*QC*1*KASPAR*TAMARA****HN*213561240A~NM1*TT*2*UNITEDHEALTH GROUP*****PI*30002~MOA***MA01*MA18~DTM*050*20130909~SVC*HC:90834*125*41.17**1~DTM*472*20130829~CAS*CO*45*60.37**223*0.84~CAS*PR*2*10.5**122*12.12~REF*6R*LX#01~REF*LU*11~AMT*B6*64.63~CLP*NANCY SAXT0NL*19*125*41.17*22.62*MB*0813252060370*11~NM1*QC*1*LAURITANO*BETSY****HN*147344697A~NM1*TT*2*HORIZON BCBS OF NEW JERSEY*****PI*30013~MOA***MA01*MA18~DTM*050*20130909~SVC*HC:90834*125*41.17**1~DTM*472*20130824~CAS*CO*45*60.37**223*0.84~CAS*PR*2*10.5**122*12.12~REF*6R*LX#01~REF*LU*11~AMT*B6*64.63~SE*98*0002~ST*835*0003~BPR*I*768.46*C*ACH*CCP*01*081517693*DA*152302017073*1205296137**01*021200025*DA*2000031302801*20131008~TRN*1*886008512*1205296137~REF*EV*1929361~DTM*405*20131007~N1*PR*NOVITAS SOLUTIONS, INC.~N3*PO BOX 3031~N4*MECHANICSBURG*PA*170551803~REF*2U*12402~PER*CX**TE*8772358073~PER*BL*NOVITAS SOLUTIONS, INC. EDI SERVICES*TE*8772358073*EX*1*EM*WEBSITEEDI@NOVITAS_SOLUTIONS.COM~N1*PE*DAVID SIEGMAN  CP*XX*1306926589~N3*STE 140*47 RARITAN AVE~N4*HIGHLAND PARK*NJ*089042440~REF*TJ*300450564~LX*1~CLP*145242174A*19*360*109.78*60.32*MB*0813252060320*11~NM1*QC*1*FISHER*JEWEL*S***HN*145242174A~NM1*TT*2*HORIZON BCBS OF NEW JERSEY*****PI*00019~MOA***MA01*MA18~DTM*050*20130909~SVC*HC:90834*180*54.89**1~DTM*472*20130820~CAS*CO*45*93.83**223*1.12~CAS*PR*2*14**122*16.16~REF*6R*LX#01~REF*LU*11~AMT*B6*86.17~SVC*HC:90834*180*54.89**1~DTM*472*20130826~CAS*CO*45*93.83**223*1.12~CAS*PR*2*14**122*16.16~REF*6R*LX#02~REF*LU*11~AMT*B6*86.17~CLP*135363133 A*19*720*219.56*120.64*MB*0813252060330*11~NM1*QC*1*GALLOF*CAROLE*S***HN*135363133A~NM1*TT*2*AMERICAN CONTINENTAL INSU.*****PI*30074~MOA***MA01*MA18~DTM*050*20130909~SVC*HC:90834*180*54.89**1~DTM*472*20130820~CAS*CO*45*93.83**223*1.12~CAS*PR*2*14**122*16.16~REF*6R*LX#01~REF*LU*11~AMT*B6*86.17~SVC*HC:90834*180*54.89**1~DTM*472*20130822~CAS*CO*45*93.83**223*1.12~CAS*PR*2*14**122*16.16~REF*6R*LX#02~REF*LU*11~AMT*B6*86.17~SVC*HC:90834*180*54.89**1~DTM*472*20130826~CAS*CO*45*93.83**223*1.12~CAS*PR*2*14**122*16.16~REF*6R*LX#03~REF*LU*11~AMT*B6*86.17~SVC*HC:90834*180*54.89**1~DTM*472*20130830~CAS*CO*45*93.83**223*1.12~CAS*PR*2*14**122*16.16~REF*6R*LX#04~REF*LU*11~AMT*B6*86.17~CLP*DAV1D S1EGMAN*19*360*109.78*60.32*MB*0813252060340*11~NM1*QC*1*GOLDSCHMIDT*HARVEY****HN*102385971T~NM1*TT*2*HORIZON BCBS OF NEW JERSEY*****PI*00019~MOA***MA01*MA18*N89~DTM*050*20130909~SVC*HC:90834*180*54.89**1~DTM*472*20130819~CAS*CO*45*93.83**223*1.12~CAS*PR*2*14**122*16.16~REF*6R*LX#01~REF*LU*11~AMT*B6*86.17~SVC*HC:90834*180*54.89**1~DTM*472*20130826~CAS*CO*45*93.83**223*1.12~CAS*PR*2*14**122*16.16~REF*6R*LX#02~REF*LU*11~AMT*B6*86.17~CLP*155344826 A*19*720*219.56*120.64*MB*0813252060350*11~NM1*QC*1*HENRY*LYNNE****HN*155344826A~NM1*TT*2*UNITEDHEALTHCARE*****PI*00082~MOA***MA01*MA18~DTM*050*20130909~SVC*HC:90834*180*54.89**1~DTM*472*20130821~CAS*CO*45*93.83**223*1.12~CAS*PR*2*14**122*16.16~REF*6R*LX#01~REF*LU*11~AMT*B6*86.17~SVC*HC:90834*180*54.89**1~DTM*472*20130822~CAS*CO*45*93.83**223*1.12~CAS*PR*2*14**122*16.16~REF*6R*LX#02~REF*LU*11~AMT*B6*86.17~SVC*HC:90834*180*54.89**1~DTM*472*20130826~CAS*CO*45*93.83**223*1.12~CAS*PR*2*14**122*16.16~REF*6R*LX#03~REF*LU*11~AMT*B6*86.17~SVC*HC:90834*180*54.89**1~DTM*472*20130829~CAS*CO*45*93.83**223*1.12~CAS*PR*2*14**122*16.16~REF*6R*LX#04~REF*LU*11~AMT*B6*86.17~CLP*143527616 A*19*180*54.89*30.16*MB*0813252060310*11~NM1*QC*1*MINDELL*STEPHEN****HN*143527616A~NM1*TT*2*UNITEDHEALTH GROUP*****PI*30002~MOA***MA01*MA18~DTM*050*20130909~SVC*HC:90834*180*54.89**1~DTM*472*20130828~CAS*CO*45*93.83**223*1.12~CAS*PR*2*14**122*16.16~REF*6R*LX#01~REF*LU*11~AMT*B6*86.17~CLP*135363385 A*19*180*54.89*30.16*MB*0813252060270*11~NM1*QC*1*SCHREIBER*BARRY*J***HN*135363385A~NM1*TT*2*UNITEDHEALTHCARE*****PI*00082~MOA***MA01*MA18~DTM*050*20130909~SVC*HC:90834*180*54.89**1~DTM*472*20130829~CAS*CO*45*93.83**223*1.12~CAS*PR*2*14**122*16.16~REF*6R*LX#01~REF*LU*11~AMT*B6*86.17~SE*145*0003~ST*835*0004~BPR*I*2460.38*C*ACH*CCP*01*011900571*DA*0053724*1061274678*MEDICAID1*01*021101108*DA*1010125763185*20131008~TRN*1*01190057021101108  005947124*1061274678*MEDICAID1~DTM*405*20131004~N1*PR*CT DSS MMIS CONTRACT ADMINISTRATOR~N3*25 SIGOURNEY ST~N4*HARTFORD*CT*53570~REF*EO*752548221~PER*CX*HP PROVIDER ASSISTANCE CENTER*TE*8008428440~PER*BL*EDI HELP DESK*TE*8006880503~N1*PE*SHUPTAR                  TRINA        L*XX*1891844023~N3*6 WHIPPOORWILL LANE~N4*BROOKFIELD*CT*06804~REF*PQ*104100000X,068041302~REF*TJ*303663637~LX*1~CLP*00204649*1*375*189.26**MC*1013269260730*11~NM1*QC*1*BA*W****MR*002904649~NM1*74*1*BAUMGART*WILLIAM~DTM*050*20131001~DTM*232*20130905~DTM*233*20130910~SVC*HC:90837:AJ*187.5*94.63**1~DTM*472*20130905~CAS*CO*172*92.87~AMT*B6*94.63~SVC*HC:90837:AJ*187.5*94.63**1~DTM*472*20130910~CAS*CO*172*92.87~AMT*B6*94.63~CLP*003701579*1*187.5*94.63**MC*1013269260740*11~NM1*QC*1*BL*C****MR*003701579~NM1*74*1*BLANK*CHRISTIANA~DTM*050*20131001~DTM*232*20130904~DTM*233*20130904~SVC*HC:90837:AJ*187.5*94.63**1~DTM*472*20130904~CAS*CO*172*92.87~AMT*B6*94.63~CLP*002862617*1*375*189.26**MC*1013269260750*11~NM1*QC*1*HE*A****MR*002862617~NM1*74*1*HEFFERMEHL*AUDREY~DTM*050*20131001~DTM*232*20130909~DTM*233*20130912~SVC*HC:90837:AJ*187.5*94.63**1~DTM*472*20130909~CAS*CO*172*92.87~AMT*B6*94.63~SVC*HC:90837:AJ*187.5*94.63**1~DTM*472*20130912~CAS*CO*172*92.87~AMT*B6*94.63~CLP*002862620*1*187.5*94.63**MC*1013269260760*11~NM1*QC*1*HE*C****MR*002862620~NM1*74*1*HEFFERMEHL*CARL~DTM*050*20131001~DTM*232*20130906~DTM*233*20130906~SVC*HC:90837:AJ*187.5*94.63**1~DTM*472*20130906~CAS*CO*172*92.87~AMT*B6*94.63~CLP*002862621*1*187.5*94.63**MC*1013269260940*11~NM1*QC*1*HE*G****MR*002862621~NM1*74*1*HEFFERMEHL*GLEN~DTM*050*20131001~DTM*232*20130903~DTM*233*20130903~SVC*HC:90837:AJ*187.5*94.63**1**50~DTM*472*20130903~CAS*CO*172*92.87~AMT*B6*94.63~CLP*0*1*375*189.26**MC*1013269260950*11~NM1*QC*1*HE*C****MR*003373386~NM1*74*1*HEIBLER*COLLEN~DTM*050*20131001~DTM*232*20130906~DTM*233*20130910~SVC*HC:90837:AJ*187.5*94.63**1~DTM*472*20130906~CAS*CO*172*92.87~AMT*B6*94.63~SVC*HC:90837:AJ*187.5*94.63**1~DTM*472*20130910~CAS*CO*172*92.87~AMT*B6*94.63~CLP*003375662*1*375*189.26**MC*1013269260960*11~NM1*QC*1*LE*A****MR*003375662~NM1*74*1*LEDOUX*AUGUST~DTM*050*20131001~DTM*232*20130903~DTM*233*20130911~SVC*HC:90837:AJ*187.5*94.63**1~DTM*472*20130903~CAS*CO*172*92.87~AMT*B6*94.63~SVC*HC:90837:AJ*187.5*94.63**1~DTM*472*20130911~CAS*CO*172*92.87~AMT*B6*94.63~CLP*003229497*1*187.5*94.63**MC*1013269260970*11~NM1*QC*1*LE*J****MR*003229497~NM1*74*1*LEDOUX*JENNA~DTM*050*20131001~DTM*232*20130909~DTM*233*20130909~SVC*HC:90837:AJ*187.5*94.63**1~DTM*472*20130909~CAS*CO*172*92.87~AMT*B6*94.63~CLP*002935255*1*187.5*94.63**MC*1013269260980*11~NM1*QC*1*MA*M****MR*002935255~NM1*74*1*MARENO*MCKENZIE~DTM*050*20131001~DTM*232*20130905~DTM*233*20130905~SVC*HC:90837:AJ*187.5*94.63**1~DTM*472*20130905~CAS*CO*172*92.87~AMT*B6*94.63~CLP*03558934*1*187.5*94.63**MC*1013269261000*11~NM1*QC*1*MA*N****MR*003358934~NM1*74*1*MARENO*NICKOLAS~DTM*050*20131001~DTM*232*20130912~DTM*233*20130912~SVC*HC:90837:AJ*187.5*94.63**1~DTM*472*20130912~CAS*CO*172*92.87~AMT*B6*94.63~CLP*003534321*1*187.5*94.63**MC*1013269261010*11~NM1*QC*1*OC*C****MR*003534321~NM1*74*1*OCONNOR*CLARE~DTM*050*20131001~DTM*232*20130906~DTM*233*20130906~SVC*HC:90837:AJ*187.5*94.63**1~DTM*472*20130906~CAS*CO*172*92.87~AMT*B6*94.63~CLP*0035343.20*1*187.5*94.63**MC*1013269261020*11~NM1*QC*1*OC*J****MR*003534320~NM1*74*1*OCONNOR*JAMES~DTM*050*20131001~DTM*232*20130914~DTM*233*20130914~SVC*HC:90837:AJ*187.5*94.63**1~DTM*472*20130914~CAS*CO*172*92.87~AMT*B6*94.63~CLP*002748092*1*187.5*94.63**MC*1013269261030*11~NM1*QC*1*PR*D****MR*002748092~NM1*74*1*PROSSER*DEAN~DTM*050*20131001~DTM*232*20130909~DTM*233*20130909~SVC*HC:90837:AJ*187.5*94.63**1~DTM*472*20130909~CAS*CO*172*92.87~AMT*B6*94.63~CLP*002712475*1*187.5*94.63**MC*1013269261040*11~NM1*QC*1*PR*Z****MR*002712475~NM1*74*1*PROSSER*ZACHARY~DTM*050*20131001~DTM*232*20130903~DTM*233*20130903~SVC*HC:90837:AJ*187.5*94.63**1~DTM*472*20130903~CAS*CO*172*92.87~AMT*B6*94.63~CLP*002414192*1*187.5*94.63**MC*1013269261050*11~NM1*QC*1*RA*A****MR*002414192~NM1*74*1*RAJCOK*ASHLEY~DTM*050*20131001~DTM*232*20130912~DTM*233*20130912~SVC*HC:90837:AJ*187.5*94.63**1~DTM*472*20130912~CAS*CO*172*92.87~AMT*B6*94.63~CLP*0*1*187.5*94.63**MC*1013269261060*11~NM1*QC*1*VE*C****MR*003882662~NM1*74*1*VELEZ*CARMEN~DTM*050*20131001~DTM*232*20130905~DTM*233*20130905~SVC*HC:90837:AJ*187.5*94.63**1~DTM*472*20130905~CAS*CO*172*92.87~AMT*B6*94.63~CLP*002179677*1*562.5*283.89**MC*1013269261090*11~NM1*QC*1*WA*A****MR*002179677~NM1*74*1*WASSONG*AIMEE~DTM*050*20131001~DTM*232*20130904~DTM*233*20130911~SVC*HC:90837:AJ*187.5*94.63**1~DTM*472*20130904~CAS*CO*172*92.87~AMT*B6*94.63~SVC*HC:90837:AJ*187.5*94.63**1~DTM*472*20130905~CAS*CO*172*92.87~AMT*B6*94.63~SVC*HC:90837:AJ*187.5*94.63**1~DTM*472*20130911~CAS*CO*172*92.87~AMT*B6*94.63~CLP*003307870*1*187.5*94.63**MC*1013269261100*11~NM1*QC*1*WA*S****MR*003307870~NM1*74*1*WASSONG*SEVEN~DTM*050*20131001~DTM*232*20130910~DTM*233*20130910~SVC*HC:90837:AJ*187.5*94.63**1~DTM*472*20130910~CAS*CO*172*92.87~AMT*B6*94.63~CLP*003665919*1*375*189.26**MC*1013269261110*11~NM1*QC*1*WI*I****MR*003665919~NM1*74*1*WILKINS*ISAIAH~DTM*050*20131001~DTM*232*20130904~DTM*233*20130912~SVC*HC:90837:AJ*187.5*94.63**1~DTM*472*20130904~CAS*CO*172*92.87~AMT*B6*94.63~SVC*HC:90837:AJ*187.5*94.63**1~DTM*472*20130912~CAS*CO*172*92.87~AMT*B6*94.63~CLP*002862616*4*187.5*0**MC*1013269260770*11~NM1*QC*1*HE*G****MR*002862616~NM1*74*1*HEFFERMEHL*GLEN~DTM*050*20131001~DTM*232*20130911~DTM*233*20131120~SVC*HC:90837*187.5*0**0**1~DTM*150*20130911~DTM*151*20131120~CAS*CO*110*187.5~LQ*HE*M114~CLP*0*4*187.5*0**MC*1013269261070*11~NM1*QC*1*VE*J****MR*003882664~NM1*74*1*VELEZ-SCUDERI*JENNIFER~NM1*PR*2*AETNA LIFE  CASUALTY*****PI*0000000008~DTM*050*20131001~DTM*232*20130910~DTM*233*20130910~SVC*HC:90837*187.5*0**0**1~DTM*472*20130910~CAS*CO*22*187.5~CLP*003882663*4*375*0**MC*1013269261080*11~NM1*QC*1*VE*S****MR*003882663~NM1*74*1*VELEZ-SCUDERI*SERENA~NM1*PR*2*AETNA LIFE  CASUALTY*****PI*0000000008~DTM*050*20131001~DTM*232*20130903~DTM*233*20130909~SVC*HC:90837*187.5*0**0**1~DTM*472*20130903~CAS*CO*22*187.5~SVC*HC:90837*187.5*0**0**1~DTM*472*20130909~CAS*CO*22*187.5~SE*269*0004~ST*835*0005~BPR*I*60*C*CHK************20131004~TRN*1*0014217740*1411648670~REF*EV*870426777~DTM*405*20130924~N1*PR*CIGNA BEHAVIORAL HEALTH~N3*PO BOX 46270~N4*EDEN PRAIRIE*MN*55344~PER*BL*HP*EM*CLAIMS.INTAKE.APP.SUPPORT@HP.COM~PER*IC**UR*WWW.CIGNAFORHCP.COM~PER*CX*CUSTOMER SERVICE*TE*8009262273~N1*PE*DEBRA CHATMAN- FINLEY LPC LLC*XX*1346469632~N3*134 W END AVE 2ND FL~N4*SOMERVILLE*NJ*08876~REF*TJ*264224733~LX*1~CLP*97000A130918*1*150*60*10*13*13261Z2826*11*1~NM1*QC*1*SMITH*TIFFANY****MI*U1370305401~NM1*82*1*CHATMAN-FINLEY*DEBRA*D***FI*138465585~REF*1L*3178132~REF*CE*NETWORK POS DPP1 W/TELEPHONIC~DTM*050*20130919~DTM*232*20130905~DTM*233*20130905~PER*CX*CUSTOMER SERVICE*TE*8009262273~AMT*AU*70~SVC*HC:90834*150*60**1~CAS*CO*45*80~CAS*PR*3*10~REF*6R*0~REF*BB*135024317|O~REF*0K*3178132~AMT*B6*70~SE*34*0005~ST*835*0006~BPR*I*66.72*C*CHK************20131004~TRN*1*0014218772*1411648670~REF*EV*870426777~DTM*405*20130927~N1*PR*CIGNA BEHAVIORAL HEALTH~N3*PO BOX 46270~N4*EDEN PRAIRIE*MN*55344~PER*BL*HP*EM*CLAIMS.INTAKE.APP.SUPPORT@HP.COM~PER*IC**UR*WWW.CIGNAFORHCP.COM~PER*CX*CUSTOMER SERVICE*TE*8009262273~N1*PE*MAUREEN WIESE-WAIBEL LLC*XX*1902991391~N3*800 RARITAN RD~N4*CLARK*NJ*07066~REF*TJ*262135919~LX*1~CLP*118000A131001*1*125*66.72**HM*13274Z3164*11*1~NM1*QC*1*FULLER*KAREN****MI*U01941140~NM1*IL*1*FULLER*JOHN****MI*155547624~NM1*82*1*WIESE-WAIBEL*MAUREEN****FI*119567146~REF*1L*3982249~REF*CE*INTEGRATED W/FTF STC 1-8 (NO W~REF*G1*135028204~DTM*050*20131002~DTM*232*20130924~DTM*233*20130924~PER*CX*CUSTOMER SERVICE*TE*8009262273~AMT*AU*66.72~SVC*HC:99404*125*66.72**1~CAS*CO*45*58.28~REF*6R*0~REF*BB*135028204|O~REF*0K*3982249~AMT*B6*66.72~SE*35*0006~ST*835*0007~BPR*I*544.76*C*ACH*CCP*01*061000052*DA*3299115453*1311705652**01*011200608*DA*191410030420*20131008~TRN*1*CC15442966*1311705652~REF*EV*AE02079C~DTM*405*20131008~N1*PR*ANTHEM BCBS OF MAINE~N3*2 GANNETT DRIVE~N4*SOUTH PORTLAND*ME*041066909~PER*CX*EDI HELP DESK*TE*8003348262~PER*BL*EDI SOLUTIONS*TE*8003348262*EM*EDIHELPDESK-NE@WELLPOINT.COM~N1*PE*KINNEY KARIN R*XX*1063567766~N3*191 VALLEY RD~N4*RAYMOND*ME*040710000~REF*TJ*141784965~LX*1~CLP*125800A131002*1*90*43.16*30*12*P324952200*11*1~NM1*QC*1*JOHNSON*TODD****MI*XVG0236M49361~NM1*74*1*JOHNSON SR.*TODD~NM1*82*1*RAPEL-KINNEY LCPC*KARIN****BS*24Z099397ME01~DTM*050*20131003~DTM*232*20130917~DTM*233*20130917~SVC*HC:90834*90*43.16~DTM*472*20130917~CAS*PR*3*30~CAS*CO*45*16.84~REF*6R*0~AMT*B6*73.16~LX*2~CLP*126900A131002*1*90*48.16*25*12*P324966200*11*1~NM1*QC*1*KELSEA*RACHEL****MI*XVG0519M49559~NM1*IL*1*KELSEA*BRIAN****MI*XVG0519M49559~NM1*82*1*RAPEL-KINNEY LCPC*KARIN****BS*24Z099397ME01~DTM*050*20131003~DTM*232*20130919~DTM*233*20130919~SVC*HC:90834*90*48.16~DTM*472*20130919~CAS*PR*3*25~CAS*CO*45*16.84~REF*6R*0~AMT*B6*73.16~LX*3~CLP*127600A131002*1*90*48.16*25*12*P324966300*11*1~NM1*QC*1*KELSEA*RACHEL****MI*XVG0519M49559~NM1*IL*1*KELSEA*BRIAN****MI*XVG0519M49559~NM1*82*1*RAPEL-KINNEY LCPC*KARIN****BS*24Z099397ME01~DTM*050*20131003~DTM*232*20130930~DTM*233*20130930~SVC*HC:90834*90*48.16~DTM*472*20130930~CAS*PR*3*25~CAS*CO*45*16.84~REF*6R*0~AMT*B6*73.16~LX*4~CLP*127900A131002*1*90*0*73.16*12*P324953000*11*1~NM1*QC*1*COMEAU*RONALD****MI*XVA0872M20120~NM1*74*1*COMEAU*RONALD M.~NM1*82*1*RAPEL-KINNEY LCPC*KARIN****BS*24Z099397ME01~DTM*050*20131003~DTM*232*20131001~DTM*233*20131001~SVC*HC:90834*90*0~DTM*472*20131001~CAS*PR*1*73.16~CAS*CO*45*16.84~REF*6R*0~AMT*B6*73.16~LX*5~CLP*127200A131002*1*90*48.16*25*12*P324952500*11*1~NM1*QC*1*BROWN*CHRIS****MI*XVH0000001679~NM1*74*1*BROWN*CHRISTOPHER~NM1*82*1*RAPEL-KINNEY LCPC*KARIN****BS*24Z099397ME01~DTM*050*20131003~DTM*232*20130919~DTM*233*20130919~SVC*HC:90834*90*48.16~DTM*472*20130919~CAS*PR*3*25~CAS*CO*45*16.84~REF*6R*0~AMT*B6*73.16~LX*6~CLP*127700A131002*1*90*48.16*25*12*P324952800*11*1~NM1*QC*1*BROWN*CHRIS****MI*XVH0000001679~NM1*74*1*BROWN*CHRISTOPHER~NM1*82*1*RAPEL-KINNEY LCPC*KARIN****BS*24Z099397ME01~DTM*050*20131003~DTM*232*20130930~DTM*233*20130930~SVC*HC:90834*90*48.16~DTM*472*20130930~CAS*PR*3*25~CAS*CO*45*16.84~REF*6R*0~AMT*B6*73.16~LX*7~CLP*127400A131002*1*90*53.16*20*12*P324952600*11*1~NM1*QC*1*BROWN*GAIL****MI*XVH0364M20200~NM1*82*1*RAPEL-KINNEY LCPC*KARIN****BS*24Z099397ME01~DTM*050*20131003~DTM*232*20130926~DTM*233*20130926~SVC*HC:90834*90*53.16~DTM*472*20130926~CAS*PR*3*20~CAS*CO*45*16.84~REF*6R*0~AMT*B6*73.16~LX*8~CLP*127500A131002*1*90*48.16*25*12*P324952700*11*1~NM1*QC*1*DESJARDINS*JENNIFER****MI*XVH0211M49962~NM1*82*1*RAPEL-KINNEY LCPC*KARIN****BS*24Z099397ME01~DTM*050*20131003~DTM*232*20130926~DTM*233*20130926~SVC*HC:90834*90*48.16~DTM*472*20130926~CAS*PR*3*25~CAS*CO*45*16.84~REF*6R*0~AMT*B6*73.16~LX*9~CLP*126300A131002*1*90*48.16*25*12*P324952300*11*1~NM1*QC*1*HOWE*LAURA****MI*XVH0331M20014~NM1*82*1*RAPEL-KINNEY LCPC*KARIN****BS*24Z099397ME01~DTM*050*20131003~DTM*232*20130923~DTM*233*20130923~SVC*HC:90834*90*48.16~DTM*472*20130923~CAS*PR*3*25~CAS*CO*45*16.84~REF*6R*0~AMT*B6*73.16~LX*10~CLP*127800A131002*1*90*48.16*25*12*P324952900*11*1~NM1*QC*1*HOWE*LAURA****MI*XVH0331M20014~NM1*82*1*RAPEL-KINNEY LCPC*KARIN****BS*24Z099397ME01~DTM*050*20131003~DTM*232*20130930~DTM*233*20130930~SVC*HC:90834*90*48.16~DTM*472*20130930~CAS*PR*3*25~CAS*CO*45*16.84~REF*6R*0~AMT*B6*73.16~LX*11~CLP*126400A131002*1*90*53.16*20*12*P324952400*11*1~NM1*QC*1*ROBINSON*SERENA****MI*XVH0503M49760~NM1*82*1*RAPEL-KINNEY LCPC*KARIN****BS*24Z099397ME01~DTM*050*20131003~DTM*232*20130924~DTM*233*20130924~SVC*HC:90834*90*53.16~DTM*472*20130924~CAS*PR*3*20~CAS*CO*45*16.84~REF*6R*0~AMT*B6*73.16~LX*12~CLP*126100A131002*1*90*58.16*15*12*P324966100*11*1~NM1*QC*1*TRAFFORD*MIKAYLA****MI*XVH0488M49251~NM1*IL*1*TRAFFORD*DAVID****MI*XVH0488M49251~NM1*82*1*RAPEL-KINNEY LCPC*KARIN****BS*24Z099397ME01~DTM*050*20131003~DTM*232*20130923~DTM*233*20130923~SVC*HC:90834*90*58.16~DTM*472*20130923~CAS*PR*3*15~CAS*CO*45*16.84~REF*6R*0~AMT*B6*73.16~SE*178*0007~GE*7*157099039~IEA*1*157099039~
