ISA*00*          *00*          *ZZ*330897513      *ZZ*ASSOCIATEDBC   *131009*1300*U*00401*157001936*0*P*:~GS*HP*330897513*ASSOCIATEDBC*20131009*1300*157001936*X*004010X091A1~ST*835*0001~BPR*I*70.2*C*CHK************20131008~TRN*1*1140845*1942649097*000087726~DTM*405*20131008~N1*PR*UNITED HEALTHCARE INSURANCE COMPANY*XV*87726~N3*P.O. BOX 30535~N4*SALT LAKE CITY*UT*84130~REF*2U*87726~REF*EO*1805600001~N1*PE*HEATHER K. LOPES*XX*1467635987~N3*114 NATHAN DR~N4*NORTH BRUNSWICK*NJ*089021227~REF*TJ*454082035~LX*1~CLP*235-98-8378*1*125*70.2*54.8*15*13X370262100*11~NM1*QC*1*CRUPE*MICHAEL*A***MI*23598837800~REF*1L*10930~REF*CE*UCR @ 80TH PERCENTILE, MA~DTM*050*20131004~AMT*AU*117~SVC*HC:90834*125*70.2**1~DTM*472*20130917~CAS*PR*2*46.8**45*8~REF*6R*1~AMT*B6*117~SE*26*0001~ST*835*0002~BPR*H*0*C*NON************20131007~TRN*1*QK91503728*1411289245*000087726~DTM*405*20131007~N1*PR*UNITED HEALTHCARE INSURANCE COMPANY*XV*87726~N3*GREENSBORO SERVICE CENTER*P O BOX 740800~N4*ATLANTA*GA*303740800~REF*2U*87726~PER*CX*GREENSBORO SERVICE CENTER*TE*8778423210~N1*PE*CYNTHIA MARY BRATMAN*XX*1184788275~N3*20 NASSAU ST STE 209~N4*PRINCETON*NJ*085420000~REF*TJ*200286572~LX*1~TS3*1184788275*11*20131231*1*525~CLP*1101727093*1*525*0*525*13*4289796152 0092208710*11~NM1*QC*1*WHITNEY*MADELINE~NM1*IL*1*WHITNEY*GENA****MI*531605480~NM1*74*1*WHITNEY*GENA*S***C*837260568~REF*1L*196484~REF*CE*CHOYC+~DTM*050*20131001~DTM*232*20130911~DTM*233*20130924~AMT*AU*495~SVC*HC:90834*175*0**1~DTM*472*20130911~CAS*PR*100*165**45*10~REF*6R*001~AMT*B6*165~SVC*HC:90834*175*0**1~DTM*472*20130918~CAS*PR*100*165**45*10~REF*6R*002~AMT*B6*165~SVC*HC:90834*175*0**1~DTM*472*20130924~CAS*PR*100*165**45*10~REF*6R*003~AMT*B6*165~SE*41*0002~GE*2*157001936~IEA*1*157001936~
