ISA*00*          *00*          *ZZ*330897513      *ZZ*ASSOCIATEDBC   *131010*0735*^*00501*157118091*0*P*:~GS*HP*330897513*ASSOCIATEDBC*20131010*0735*157118091*X*005010X221A1~ST*835*0001~BPR*I*150.8*C*ACH*CCP*01*011900445*DA*0000009046*1066033492**01*011200608*DA*191410030420*20131016~TRN*1*813282520002929*1066033492~REF*EV*330897513~DTM*405*20131010~N1*PR*AETNA~N3*151 FARMINGTON AVENUE~N4*HARTFORD*CT*06156~PER*BL*PROVIDER SERVICE~N1*PE*RAPEL-KINNEY, KARIN*XX*1063567766~N3*191 VALLEY RD~N4*RAYMOND*ME*040716163~REF*PQ*841648100~REF*TJ*141784965~LX*1~TS3*1063567766*11*20131231*6*540~CLP*125900A131002*1*90*16*35*13*EFPA9KHFG0000*11*1~NM1*QC*1*MARIENHOFF*DAVID****MI*W192200751~NM1*82*1*RAPEL KINNEY*KARIN*D***XX*1063567766~REF*1L*0818960-010-00001-AA~DTM*050*20131003~DTM*232*20130917~DTM*233*20130917~PER*CX**TE*8886323862~AMT*AU*90~SVC*HC:90834*90*16**1~DTM*472*20130917~CAS*CO*45*39~CAS*PR*3*35~AMT*B6*51~CLP*126000A131002*1*90*26*25*13*EFYZ9KM960000*11*1~NM1*QC*1*POLKY*MORGAN****MI*W192692604~NM1*82*1*RAPEL KINNEY*KARIN*D***XX*1063567766~REF*1L*0842802-010-00111- A~DTM*050*20131003~DTM*232*20130923~DTM*233*20130923~PER*CX**TE*8886323862~AMT*AU*90~SVC*HC:90834*90*26**1~DTM*472*20130923~CAS*CO*45*39~CAS*PR*3*25~AMT*B6*51~CLP*126800A131002*1*90*16*35*13*EGAA9KH8G0000*11*1~NM1*QC*1*BILODEAU*KATIE B.****MI*W160541655~NM1*74*1**KATIE*B~NM1*82*1*RAPEL KINNEY*KARIN*D***XX*1063567766~REF*1L*0818960-010-00001-AA~DTM*050*20131003~DTM*232*20130924~DTM*233*20130924~PER*CX**TE*8886323862~AMT*AU*90~SVC*HC:90834*90*16**1~DTM*472*20130924~CAS*CO*45*39~CAS*PR*3*35~AMT*B6*51~CLP*127100A131002*1*90*26*25*13*EGJK9KG7S0000*11*1~NM1*QC*1*AUSTIN*WILLIAM****MI*W192506840~NM1*82*1*RAPEL KINNEY*KARIN*D***XX*1063567766~REF*1L*0842802-017-00111- A~DTM*050*20131003~DTM*232*20130919~DTM*233*20130919~PER*CX**TE*8886323862~AMT*AU*90~SVC*HC:90834*90*26**1~DTM*472*20130919~CAS*CO*45*39~CAS*PR*3*25~AMT*B6*51~CLP*126200A131002*1*90*40.8*10.2*13*EG349JG8M0000*11*1~NM1*QC*1*MOON*ROBERT****MI*W177162120~NM1*74*1**JOLINE*M~NM1*82*1*RAPEL KINNEY*KARIN*D***XX*1063567766~REF*1L*0724655-050-00001-MD~DTM*050*20131003~DTM*232*20130923~DTM*233*20130923~PER*CX**TE*8886323862~AMT*AU*90~SVC*HC:90834*90*40.8**1~DTM*472*20130923~CAS*CO*45*39~CAS*PR*2*10.2~AMT*B6*51~CLP*127300A131002*1*90*26*25*13*E1AA805DN0000*11*1~NM1*QC*1*MILLETT*KIMBERLY****MI*W192685858~NM1*82*1*RAPEL KINNEY*KARIN*D***XX*1063567766~REF*1L*0842802-010-00111- A~DTM*050*20131004~DTM*232*20130926~DTM*233*20130926~PER*CX**TE*8886323862~AMT*AU*90~SVC*HC:90834*90*26**1~DTM*472*20130926~CAS*CO*45*39~CAS*PR*3*25~REF*6R*687127300A131002~AMT*B6*51~SE*104*0001~ST*835*0002~BPR*I*1260*C*CHK************20131009~TRN*1*CC-31568871*1066033492~REF*EV*330897513~DTM*405*20131010~N1*PR*AETNA~N3*151 FARMINGTON AVENUE~N4*HARTFORD*CT*06156~PER*BL*PROVIDER SERVICE~N1*PE*BRATMAN, CYNTHIA*XX*1184788275~N3*20 NASSAU ST STE 209~N4*PRINCETON*NJ*085424509~REF*PQ*527610860~REF*TJ*200286572~LX*1~TS3*1184788275*11*20131231*3*1800~CLP*759309786*1*925*540*100*HM*131008E272340000*11*1~NM1*QC*1*HAAS*TIMOTHY****MI*BBMK0QBA~NM1*82*2*BRATMAN, CYNTHIA*****XX*1184788275~REF*1L*003015-014~REF*CE*PATRIOT XV CUSTOM PLAN~DTM*050*20131008~DTM*232*20130916~DTM*233*20131004~PER*CX**TE*8006240756~AMT*AU*925~SVC*HC:90834*175*135**1~DTM*472*20130916~CAS*CO*45*15~CAS*PR*3*25~REF*6R*369759309786~AMT*B6*160~SVC*HC:90837*250*135**1~DTM*472*20130923~CAS*CO*45*90~CAS*PR*3*25~REF*6R*370759309786~AMT*B6*160~SVC*HC:90837*250*135**1~DTM*472*20130927~CAS*CO*45*90~CAS*PR*3*25~REF*6R*371759309786~AMT*B6*160~SVC*HC:90837*250*135**1~DTM*472*20131004~CAS*CO*45*90~CAS*PR*3*25~REF*6R*372759309786~AMT*B6*160~CLP*759309789*1*525*420*60*HM*131008E368410000*11*1~NM1*QC*1*TATTENBAUM*ELLEN****MI*BBKJDW6A~NM1*82*2*BRATMAN, CYNTHIA*****XX*1184788275~REF*1L*001812-063~REF*CE*PATRIOT XV FLX PLAN~DTM*050*20131008~DTM*232*20130918~DTM*233*20131003~PER*CX**TE*8006240756~AMT*AU*525~SVC*HC:90834*175*140**1~DTM*472*20130918~CAS*CO*45*15~CAS*PR*3*20~REF*6R*376759309789~AMT*B6*160~SVC*HC:90834*175*140**1~DTM*472*20130924~CAS*CO*45*15~CAS*PR*3*20~REF*6R*377759309789~AMT*B6*160~SVC*HC:90834*175*140**1~DTM*472*20131003~CAS*CO*45*15~CAS*PR*3*20~REF*6R*378759309789~AMT*B6*160~CLP*759309787*1*350*300*20*HM*131008E463910000*11*1~NM1*QC*1*LAPALME*MICHELLE~NM1*IL*1*LAPALME*CHARLES****MI*BBR7T9DC~NM1*82*2*BRATMAN, CYNTHIA*****XX*1184788275~REF*1L*01405E-198~REF*CE*NJ EMPLOYEE PLAN~DTM*050*20131008~DTM*232*20130927~DTM*233*20131003~PER*CX**TE*8006240756~AMT*AU*350~SVC*HC:90834*175*150**1~DTM*472*20130927~CAS*CO*45*15~CAS*PR*3*10~REF*6R*373759309787~AMT*B6*160~SVC*HC:90834*175*150**1~DTM*472*20131003~CAS*CO*45*15~CAS*PR*3*10~REF*6R*374759309787~AMT*B6*160~SE*102*0002~ST*835*0003~BPR*I*110*C*CHK************20131009~TRN*1*CC-31573011*1066033492~REF*EV*330897513~DTM*405*20131010~N1*PR*AETNA~N3*151 FARMINGTON AVENUE~N4*HARTFORD*CT*06156~PER*BL*PROVIDER SERVICE~N1*PE*SABO, MARCELLA M*XX*1740362268~N3*10 VISTA TER~N4*LIVINGSTON*NJ*070391915~REF*PQ*857664280~REF*TJ*222690143~LX*1~TS3*1740362268*11*20131231*1*250~CLP*759275472*1*250*110*10*13*131008E270800000*11*1~NM1*QC*1*HAUG*CHRISTOPHER****MI*BBS14CHA~NM1*74*1**CHRISTOPHE~NM1*82*2*SABO, MARCELLA M*****XX*1740362268~REF*1L*429253-014~DTM*050*20131008~DTM*232*20130923~DTM*233*20130930~PER*CX**TE*8006240756~AMT*AU*250~SVC*HC:90834*125*55**1~DTM*472*20130923~CAS*CO*45*65~CAS*PR*3*5~REF*6R*270759275472~AMT*B6*60~SVC*HC:90834*125*55**1~DTM*472*20130930~CAS*CO*45*65~CAS*PR*3*5~REF*6R*271759275472~AMT*B6*60~SE*39*0003~ST*835*0004~BPR*I*178.34*C*CHK************20131009~TRN*1*CC-31574175*1066033492~REF*EV*330897513~DTM*405*20131010~N1*PR*AETNA~N3*151 FARMINGTON AVENUE~N4*HARTFORD*CT*06156~PER*BL*PROVIDER SERVICE~N1*PE*WAY, KAREN G*XX*1477603942~N3*38 JUNIPER LN~N4*PISCATAWAY*NJ*088545632~REF*PQ*043407810~REF*TJ*264523736~LX*1~TS3*1477603942*11*20131231*3*450~CLP*129800A131007*1*150*32.34*40*HM*131008E272200000*11*1~NM1*QC*1*MADISON*SUSAN****MI*MEBG0CXL~NM1*82*2*WAY, KAREN G*****XX*1477603942~REF*1L*354055-252~REF*CE*OA HMO VALUE NET 02042~DTM*050*20131008~DTM*232*20130926~DTM*233*20130926~PER*CX**TE*8006240756~AMT*AU*150~SVC*HC:90834*150*32.34**1~DTM*472*20130926~CAS*CO*253*0.66**45*77~CAS*PR*3*40~AMT*B6*73~CLP*131100A131007*1*150*73**HM*131008E368270000*11*1~NM1*QC*1*RILEY*SHAWN****MI*BBT0W0HA~NM1*82*2*WAY, KAREN G*****XX*1477603942~REF*1L*431841-017~DTM*050*20131008~DTM*232*20131001~DTM*233*20131001~PER*CX**TE*8006240756~AMT*AU*150~SVC*HC:90834*150*73**1~DTM*472*20131001~CAS*CO*45*77~AMT*B6*73~CLP*128800A131007*1*150*73**HM*131008E415890000*11*1~NM1*QC*1*RILEY*SHAWN****MI*BBT0W0HA~NM1*82*2*WAY, KAREN G*****XX*1477603942~REF*1L*431841-017~DTM*050*20131008~DTM*232*20130924~DTM*233*20130924~PER*CX**TE*8006240756~AMT*AU*150~SVC*HC:90834*150*73**1~DTM*472*20130924~CAS*CO*45*77~AMT*B6*73~SE*58*0004~GE*4*157118091~IEA*1*157118091~
