ISA*00*          *00*          *ZZ*330897513      *ZZ*ASSOCIATEDBC   *131010*1201*U*00401*157159919*0*P*:~GS*HP*330897513*ASSOCIATEDBC*20131010*1201*157159919*X*004010X091A1~ST*835*0001~BPR*I*47*C*ACH*CCP*01*124384877*DA*1470858534*1411289245*000087726*01*011200608*DA*191410030420*20131011~TRN*1*1098036595*1411289245*000087726~DTM*405*20131008~N1*PR*UNITED HEALTHCARE INSURANCE COMPANY*XV*87726~N3*P.O. BOX 30755~N4*SALT LAKE CITY*UT*841300755~REF*2U*87726~PER*CX*UNITED BEHAVIORAL HEALTH*TE*8003338724~N1*PE*KARIN RAPEL KINNEY*XX*1063567766~N3*59 WEBSTER ST~N4*LEWISTION*ME*042400000~REF*TJ*141784965~LX*1~CLP*128000A131002*1*125*47*35*15*13X367701500*11~NM1*QC*1*BARRETT*CHARLES***JR*MI*HP2588589~NM1*74*1*BARRETT*CHARLES*B***C*HP2588589~REF*1L*HP081450~REF*CE*FS 306 ME MSW~REF*SY*007628162~DTM*050*20131003~AMT*AU*82~SVC*HC:90791*125*47**1~DTM*472*20130917~CAS*PR*3*35~CAS*CO*45*43~REF*6R*0~AMT*B6*82~SE*29*0001~GE*1*157159919~IEA*1*157159919~
