ISA*00*          *00*          *ZZ*330897513      *ZZ*ASSOCIATEDBC   *131010*1713*U*00401*157226654*0*P*:~GS*HP*330897513*ASSOCIATEDBC*20131010*1713*157226654*X*004010X091A1~ST*835*0001~BPR*I*336.2*C*ACH*CCP*01*031100225*DA*2079950064280/*1220999690**01*021200025*DA*2000030280694*20131008~TRN*1*0004344116*1220999690*8352013100908220997~REF*EV*1598809212~DTM*405*20131008~N1*PR*HORIZON BCBSNJ~N3*PAYOR ADDRESS 1~N4*NEWARK*NJ*071010420~REF*2U*22099~N1*PE*W BENTON PHD*XX*1598809212~N3*PO BOX 3524~N4*UNION*NJ*070831896~REF*PQ*2083116130~REF*TJ*208311613~LX*1~CLP*757631672*1*160*65.7*7.3*13*780271327726776   00**1~NM1*QC*1*BARNES*ALISA****MI*NJX3HZN29576030~NM1*IL*1*KING*STEVEN****MI*3HZN295760300~NM1*74*1*KING*STEVEN*A***C*3HZN295760300~NM1*82*2*W  BENTON PHD*****XX*1598809212~DTM*050*20131004~DTM*232*20130926~DTM*233*20130926~PER*CX*NJ DIRECT*TE*8006241110~AMT*AU*73~AMT*T2*65.7~SVC*HC:99199*160*65.7**1*HC:90834~DTM*472*20130926~CAS*PR*2*7.3~CAS*CO*45*87~REF*6R*327757631672~REF*HPI*1598809212~AMT*B6*73~CLP*757631678*1*180*85.5*9.5*13*780271327720830   00**1~NM1*QC*1*CURENTON-JOLLY*STEPHANIE*M***MI*3HZN140183100~NM1*74*1*CURENTON JOLLY*STEPHANIE*M***C*NJX3HZN14018310~NM1*82*2*W  BENTON PHD*****XX*1598809212~DTM*050*20131004~DTM*232*20130924~DTM*233*20130924~PER*CX*NJ DIRECT*TE*8006241110~AMT*AU*95~AMT*T2*85.5~SVC*HC:99199*180*85.5**1*HC:90791~DTM*472*20130924~CAS*PR*2*9.5~CAS*CO*45*85~REF*6R*332757631678~REF*HPI*1598809212~AMT*B6*95~CLP*757631675*1*175*23*50*13*780271327720897   00**1~NM1*QC*1*BLADZINSKI*KAREN****MI*YHO3HZN45596920~NM1*82*2*W  BENTON PHD*****XX*1598809212~DTM*050*20131004~DTM*232*20130927~DTM*233*20130927~PER*CX*HORIZON BLUE CROSS BLUE SHIELD OF NEW JERSEY DIRECT ACCESS*TE*8006241110~AMT*AU*73~AMT*T2*23~SVC*HC:90847*175*23**1~DTM*472*20130927~CAS*PR*3*50~CAS*CO*45*102~REF*6R*329757631675~REF*HPI*1598809212~AMT*B6*73~CLP*757631681*1*175*85*15*12*780261327825287   00**1~NM1*QC*1*KAUL*EDWARD*T***MI*YHB3HZN47241830~NM1*82*2*W  BENTON PHD*****XX*1598809212~DTM*050*20131004~DTM*232*20130927~DTM*233*20130927~PER*CX*NATIONAL ACCOUNTS SERVICED IN MT.LAUREL*TE*8006244758~AMT*AU*100~AMT*T2*85~SVC*HC:90847*175*85**1~DTM*472*20130927~CAS*PR*3*15~CAS*CO*45*75~REF*6R*335757631681~REF*HPI*1598809212~AMT*B6*100~CLP*757631684*1*160*77*15*12*780261327868394   00**1~NM1*QC*1*MITTA*IRENE****MI*YHB3HZN65683260~NM1*82*2*W  BENTON PHD*****XX*1598809212~DTM*050*20131004~DTM*232*20130926~DTM*233*20130926~PER*CX*NATIONAL ACCOUNTS SERVICED IN MT.LAUREL*TE*8006244758~AMT*AU*92~AMT*T2*77~SVC*HC:99199*160*77**1*HC:90834~DTM*472*20130926~CAS*PR*3*15~CAS*CO*45*68~REF*6R*341757631684~REF*HPI*1598809212~AMT*B6*92~SE*99*0001~ST*835*0002~BPR*I*237*C*ACH*CCP*01*031100225*DA*2079950064280/*1220999690**01*231372691*DA*0181143836*20131008~TRN*1*0004348151*1220999690*8352013100908210858~REF*EV*1902991391~DTM*405*20131008~N1*PR*HORIZON BCBSNJ~N3*PAYOR ADDRESS 1~N4*NEWARK*NJ*071010420~REF*2U*22099~N1*PE*M M WIESE WAIBEL LCSW*XX*1902991391~N3*800 RARITAN RD~N4*CLARK*NJ*070661710~REF*PQ*2621359190~REF*TJ*262135919~LX*1~CLP*117200A131001*1*125*44*25*12*780261327679527   00**1~NM1*QC*1*KARDOS*LISA****MI*SKQAN4254520~NM1*82*2*M M WIESE WAIBEL LCSW*****XX*1902991391~DTM*050*20131003~DTM*232*20130923~DTM*233*20130923~AMT*AU*69~AMT*T2*44~SVC*HC:99199*125*44**1*HC:90834~DTM*472*20130923~CAS*PR*3*25~CAS*CO*45*56~REF*6R*0~REF*HPI*1902991391~AMT*B6*69~CLP*118900A131001*1*125*44*25*12*780261327679563   00**1~NM1*QC*1*KOVATCH*LISA****MI*ROQ5052733500~NM1*82*2*M M WIESE WAIBEL LCSW*****XX*1902991391~DTM*050*20131003~DTM*232*20130925~DTM*233*20130925~AMT*AU*69~AMT*T2*44~SVC*HC:99199*125*44**1*HC:90834~DTM*472*20130925~CAS*PR*3*25~CAS*CO*45*56~REF*6R*0~REF*HPI*1902991391~AMT*B6*69~CLP*118800A131001*1*125*49*20*12*780261327679564   00**1~NM1*QC*1*PRIBUSH*KATHLEEN****MI*DZVAN4492387~NM1*IL*1*PRIBUSH*JEFF****MI*DZVAN4492387~NM1*82*2*M M WIESE WAIBEL LCSW*****XX*1902991391~DTM*050*20131003~DTM*232*20130925~DTM*233*20130925~AMT*AU*69~AMT*T2*49~SVC*HC:99199*125*49**1*HC:90834~DTM*472*20130925~CAS*PR*3*20~CAS*CO*45*56~REF*6R*0~REF*HPI*1902991391~AMT*B6*69~CLP*118100A131001*1*125*50*10*13*780261327759768   00**1~NM1*QC*1*BONILLA*NANCY****MI*NJX3HZN71563020~NM1*82*2*M M WIESE WAIBEL LCSW*****XX*1902991391~DTM*050*20131003~DTM*232*20130924~DTM*233*20130924~PER*CX*NJ DIRECT*TE*8006241110~AMT*AU*60~AMT*T2*50~SVC*HC:99199*125*50**1*HC:90834~DTM*472*20130924~CAS*PR*3*10~CAS*CO*45*65~REF*6R*0~REF*HPI*1902991391~AMT*B6*60~CLP*119200A131001*1*125*50*10*13*780261327710947   00**1~NM1*QC*1*DANIELSON*CHRISTINE****MI*NJX3HZN77593920~NM1*IL*1*FAUGHNAN*RICHARD****MI*3HZN775939201~NM1*74*1*FAUGHNAN*RICHARD*F***C*3HZN775939201~NM1*82*2*M M WIESE WAIBEL LCSW*****XX*1902991391~DTM*050*20131003~DTM*232*20130926~DTM*233*20130926~PER*CX*NJ DIRECT*TE*8006241110~AMT*AU*60~AMT*T2*50~SVC*HC:99199*125*50**1*HC:90834~DTM*472*20130926~CAS*PR*3*10~CAS*CO*45*65~REF*6R*0~REF*HPI*1902991391~AMT*B6*60~SE*96*0002~ST*835*0003~BPR*I*282.6*C*ACH*CCP*01*031100225*DA*2079950064280/*1220999690**01*021200339*DA*009446669199*20131008~TRN*1*0004342663*1220999690*8352013100908511970~REF*EV*1033218813~DTM*405*20131008~N1*PR*HORIZON BCBSNJ~N3*PAYOR ADDRESS 1~N4*NEWARK*NJ*071010420~REF*2U*22099~N1*PE*R T ARENA PHD*XX*1033218813~N3*49 MARKET ST~N4*SADDLE BROOK*NJ*076634849~REF*PQ*0533279390~REF*TJ*053327939~LX*1~CLP*757499624*1*150*65.7*7.3*13*780271327723540   00**1~NM1*QC*1*CANO*JULIA****MI*NJX3HZN32530770~NM1*IL*1*CANO*ANDRE****MI*3HZN325307701~NM1*82*2*R T ARENA PHD*****XX*1033218813~DTM*050*20131004~DTM*232*20130930~DTM*233*20130930~PER*CX*NJ DIRECT*TE*8006241110~AMT*AU*73~AMT*T2*65.7~SVC*HC:99199*150*65.7**1*HC:90834~DTM*472*20130930~CAS*PR*2*7.3~CAS*CO*45*77~REF*6R*220757499624~REF*HPI*1033218813~AMT*B6*73~CLP*757499628*1*200*85.5*9.5*13*780271327723591   00**1~NM1*QC*1*HAYNE*LISA****MI*3HZN081752500~NM1*74*1*HAYNE*LISA*J***C*NJX3HZN08175250~NM1*82*2*R T ARENA PHD*****XX*1033218813~DTM*050*20131004~DTM*232*20130923~DTM*233*20130923~PER*CX*NJ DIRECT*TE*8006241110~AMT*AU*95~AMT*T2*85.5~SVC*HC:99199*200*85.5**1*HC:90791~DTM*472*20130923~CAS*PR*2*9.5~CAS*CO*45*105~REF*6R*224757499628~REF*HPI*1033218813~AMT*B6*95~CLP*757499629*1*150*65.7*7.3*13*780271327723336   00**1~NM1*QC*1*NESHAN*DANIEL*G***MI*NJX3HZN99548930~NM1*IL*1*NESHAM*DANIELLE****MI*3HZN995489300~NM1*74*1*NESHAN*DANIELLE*M***C*3HZN995489300~NM1*82*2*R T ARENA PHD*****XX*1033218813~DTM*050*20131004~DTM*232*20130923~DTM*233*20130923~PER*CX*NJ DIRECT*TE*8006241110~AMT*AU*73~AMT*T2*65.7~SVC*HC:99199*150*65.7**1*HC:90837~DTM*472*20130923~CAS*PR*2*7.3~CAS*CO*45*77~REF*6R*225757499629~REF*HPI*1033218813~AMT*B6*73~CLP*146429847*1*150*65.7*7.3*13*780271327723590   00**1~NM1*QC*1*NITTI*MARIANNE****MI*NJX3HZN36842320~NM1*82*2*R T ARENA PHD*****XX*1033218813~DTM*050*20131004~DTM*232*20130930~DTM*233*20130930~PER*CX*NJ DIRECT*TE*8006241110~AMT*AU*73~AMT*T2*65.7~SVC*HC:99199*150*65.7**1*HC:90837~DTM*472*20130930~CAS*PR*2*7.3~CAS*CO*45*77~REF*6R*226146429847~REF*HPI*1033218813~AMT*B6*73~SE*84*0003~ST*835*0004~BPR*I*92*C*CHK************20131008~TRN*1*0062455244*1220999690*8352013100909184183~REF*EV*1467635987~DTM*405*20131008~N1*PR*HORIZON BCBSNJ~N3*PAYOR ADDRESS 1~N4*NEWARK*NJ*071010420~REF*2U*22099~N1*PE*H K LOPES LPC*XX*1467635987~N3*77 N MAIN ST~N4*MILLTOWN*NJ*088501521~REF*PQ*4540820350~REF*TJ*454082035~LX*1~CLP*75000A130910*1*150*32*40*13*780271327719713   00**1~NM1*QC*1*RAMIREZ*ALEXANDRA(NP)****MI*3HZN310296200~NM1*74*1*RAMIREZ*ALEXANDRA****C*YKQ3HZN31029620~NM1*82*2*H K LOPES LPC*****XX*1467635987~DTM*050*20131004~DTM*232*20130722~DTM*233*20130722~AMT*AU*72~AMT*T2*32~SVC*HC:99199*150*32**1*HC:90791~DTM*472*20130722~CAS*PR*3*40~CAS*CO*45*78~REF*6R*0~REF*HPI*1467635987~AMT*B6*72~CLP*74900A130910*1*125*20*40*13*780271327724723   00**1~NM1*QC*1*RAMIREZ*ALEXANDRA(NP)****MI*3HZN310296200~NM1*74*1*RAMIREZ*ALEXANDRA****C*YKQ3HZN31029620~NM1*82*2*H K LOPES LPC*****XX*1467635987~DTM*050*20131004~DTM*232*20130829~DTM*233*20130829~AMT*AU*60~AMT*T2*20~SVC*HC:99199*125*20**1*HC:90834~DTM*472*20130829~CAS*PR*3*40~CAS*CO*45*65~REF*6R*0~REF*HPI*1467635987~AMT*B6*60~CLP*75100A130910*1*125*20*40*13*780271327725700   00**1~NM1*QC*1*RAMIREZ*ALEXANDRA(NP)****MI*3HZN310296200~NM1*74*1*RAMIREZ*ALEXANDRA****C*YKQ3HZN31029620~NM1*82*2*H K LOPES LPC*****XX*1467635987~DTM*050*20131004~DTM*232*20130806~DTM*233*20130806~AMT*AU*60~AMT*T2*20~SVC*HC:99199*125*20**1*HC:90834~DTM*472*20130806~CAS*PR*3*40~CAS*CO*45*65~REF*6R*0~REF*HPI*1467635987~AMT*B6*60~CLP*125500A131002*1*125*20*40*13*780271327725916   00**1~NM1*QC*1*SCHEAR*ROBERT****MI*YHO3HZN76960240~NM1*82*2*H K LOPES LPC*****XX*1467635987~DTM*050*20131004~DTM*232*20130921~DTM*233*20130921~PER*CX*HORIZON BLUE CROSS BLUE SHIELD OF NEW JERSEY DIRECT ACCESS*TE*8006241110~AMT*AU*60~AMT*T2*20~SVC*HC:99199*125*20**1*HC:90834~DTM*472*20130921~CAS*PR*3*40~CAS*CO*45*65~REF*6R*0~REF*HPI*1467635987~AMT*B6*60~SE*80*0004~GE*4*157226654~IEA*1*157226654~
