ISA*00*          *00*          *ZZ*330897513      *ZZ*ASSOCIATEDBC   *131010*2133*^*00501*157254078*0*P*:~GS*HP*330897513*ASSOCIATEDBC*20131010*2133*157254078*X*005010X221A1~ST*835*0001~BPR*I*77.65*C*CHK************20131005~TRN*1*20131005108000270EPRA179252*1910214500*N~REF*EV*PB5~DTM*405*20131005~N1*PR*THE EVERETT CLINIC~N3*3901 HOYT AVE~N4*EVERETT*WA*98201~PER*CX*EDI TEAM*EM*EDI@PREMERA.COM*TE*8004352715~PER*BL*EDI TEAM*EM*EDI@PREMERA.COM*TE*8004352715~N1*PE*KATHI L. JACKSON*XX*1144266438~N3*2731 WETMORE AVE*STE 240~N4*EVERETT*WA*982013581~REF*TJ*447585592~LX*0~CLP*756999064*1*150*77.65*19.41*12*827546610900*11*1~NM1*QC*1*REID*STEPHANIE  1****MI*101075413~NM1*74*1**STEPHANIE*D***C*10107541301~REF*1L*1018226~REF*CE*PBC PPO (HERITAGE) NETWORK~DTM*050*20131002~AMT*AU*97.06~SVC*HC:90834*150*77.65**1~DTM*472*20130926~CAS*PR*2*19.41~CAS*CO*45*52.94~REF*6R*469756999064~AMT*B6*97.06~SE*29*0001~ST*835*0002~BPR*I*82.06*C*CHK************20131005~TRN*1*20131005140006440EPRA15958815*1910499247*N~REF*EV*PB5~DTM*405*20131005~N1*PR*PREMERA BLUE CROSS~N3*PO BOX 327*MS 357~N4*SEATTLE*WA*98111~PER*CX*EDI TEAM*EM*EDI@PREMERA.COM*TE*8004352715~PER*BL*EDI TEAM*EM*EDI@PREMERA.COM*TE*8004352715~N1*PE*KATHI L. JACKSON*XX*1144266438~N3*2731 WETMORE AVE*STE 240~N4*EVERETT*WA*982013581~REF*TJ*447585592~LX*0~CLP*756999056*1*150*82.06*15*12*827547645900*11*1~NM1*QC*1*HALBERSTADT*ALICE*J~NM1*IL*1*HALBERSTADT*RICHARD****MI*600564509~NM1*74*1***J~REF*1L*8000314~REF*CE*FOUNDATION NETWORK~DTM*050*20131002~AMT*AU*97.06~SVC*HC:90834*150*82.06**1~DTM*472*20130925~CAS*PR*3*15~CAS*CO*45*52.94~REF*6R*458756999056~AMT*B6*97.06~SE*30*0002~GE*2*157254078~IEA*1*157254078~
