ISA*00*          *00*          *ZZ*330897513      *ZZ*ASSOCIATEDBC   *131011*0042*^*00501*157269531*0*P*:~GS*HP*330897513*ASSOCIATEDBC*20131011*0042*157269531*X*005010X221A1~ST*835*0001~BPR*H*0*C*NON************20131009~TRN*1*359027112*1205296137~REF*EV*1929361~DTM*405*20131008~N1*PR*NOVITAS SOLUTIONS, INC.~N3*PO BOX 3031~N4*MECHANICSBURG*PA*170551803~REF*2U*12402~PER*CX**TE*8772358073~PER*BL*NOVITAS SOLUTIONS, INC. EDI SERVICES*TE*8772358073*EX*1*EM*WEBSITEEDI@NOVITAS_SOLUTIONS.COM~N1*PE*DAVID SIEGMAN  CP*XX*1306926589~N3*STE 140*47 RARITAN AVE~N4*HIGHLAND PARK*NJ*089042440~REF*TJ*300450564~LX*1~CLP*052264598D7*1*180*0**MB*0813266071240*11~NM1*QC*1*GORDON*ILENE*J***HN*052264598D7~MOA***MA130~DTM*050*20130923~SVC*HC:90806*180*0~DTM*472*20130911~CAS*CO*96*180~REF*6R*LX#01~REF*LU*11~LQ*HE*MA130~LQ*HE*M51~LQ*HE*N301~SE*29*0001~ST*835*0002~BPR*I*548.9*C*ACH*CCP*01*081517693*DA*152302017073*1205296137**01*221283512*DA*95665700570381*20131009~TRN*1*886012529*1205296137~REF*EV*1929361~DTM*405*20131008~N1*PR*NOVITAS SOLUTIONS, INC.~N3*PO BOX 3031~N4*MECHANICSBURG*PA*170551803~REF*2U*12402~PER*CX**TE*8772358073~PER*BL*NOVITAS SOLUTIONS, INC. EDI SERVICES*TE*8772358073*EX*1*EM*WEBSITEEDI@NOVITAS_SOLUTIONS.COM~N1*PE*KAREN G. WAY*XX*1477603942~N3*38 JUNIPER LANE~N4*PISCATAWAY*NJ*088545632~REF*TJ*264523736~LX*1~CLP*102300A130923*19*150*54.89*30.16*MB*0213268015430*11*1~NM1*QC*1*AARON*JOANNA****HN*088460853A~NM1*TT*2*GHI PPO*****PI*00035~MOA***MA01*MA27*MA18~DTM*050*20130925~SVC*HC:90834*150*54.89**1~DTM*472*20130909~CAS*CO*45*63.83**223*1.12~CAS*PR*2*14**122*16.16~REF*6R*0~REF*LU*11~AMT*B6*86.17~CLP*103000A130923*19*150*54.89*30.16*MB*0213268015470*11*1~NM1*QC*1*AARON*JOANNA****HN*088460853A~NM1*TT*2*GHI PPO*****PI*00035~MOA***MA01*MA27*MA18~DTM*050*20130925~SVC*HC:90834*150*54.89**1~DTM*472*20130911~CAS*CO*45*63.83**223*1.12~CAS*PR*2*14**122*16.16~REF*6R*0~REF*LU*11~AMT*B6*86.17~CLP*104100A130923*19*150*54.89*30.16*MB*0213268015510*11*1~NM1*QC*1*AARON*JOANNA****HN*088460853A~NM1*TT*2*GHI PPO*****PI*00035~MOA***MA01*MA27*MA18~DTM*050*20130925~SVC*HC:90834*150*54.89**1~DTM*472*20130913~CAS*CO*45*63.83**223*1.12~CAS*PR*2*14**122*16.16~REF*6R*0~REF*LU*11~AMT*B6*86.17~CLP*104200A130923*19*150*54.89*30.16*MB*0213268015520*11*1~NM1*QC*1*BERBAUM*JOANNE I.****HN*152423142W~NM1*TT*2*HORIZON BCBS OF NEW JERSEY*****PI*30013~MOA***MA01*MA18~DTM*050*20130925~SVC*HC:90834*150*54.89**1~DTM*472*20130913~CAS*CO*45*63.83**223*1.12~CAS*PR*2*14**122*16.16~REF*6R*0~REF*LU*11~AMT*B6*86.17~CLP*102600A130923*1*150*54.89*30.16*MB*0213268015450*11*1~NM1*QC*1*FOSTER*KELLY****HN*140784147A~MOA***MA01~DTM*050*20130925~SVC*HC:90834*150*54.89**1~DTM*472*20130910~CAS*CO*45*63.83**223*1.12~CAS*PR*2*14**122*16.16~REF*6R*0~REF*LU*11~AMT*B6*86.17~CLP*103900A130923*1*150*54.89*30.16*MB*0213268015500*11*1~NM1*QC*1*FOSTER*KELLY****HN*140784147A~MOA***MA01~DTM*050*20130925~SVC*HC:90834*150*54.89**1~DTM*472*20130913~CAS*CO*45*63.83**223*1.12~CAS*PR*2*14**122*16.16~REF*6R*0~REF*LU*11~AMT*B6*86.17~CLP*103500A130923*19*150*54.89*30.16*MB*0213268015490*11*1~NM1*QC*1*FRAMPTON*STEPHEN****HN*156560448A~NM1*TT*2*NJ DEPT. OF HUMAN SERVICES*****PI*70077~MOA***MA01*MA07~DTM*050*20130925~SVC*HC:90834*150*54.89**1~DTM*472*20130912~CAS*CO*45*63.83**223*1.12~CAS*PR*2*14**122*16.16~REF*6R*0~REF*LU*11~AMT*B6*86.17~CLP*102400A130923*19*150*54.89*30.16*MB*0213268015440*11*1~NM1*QC*1*GRIMALDI*JENNIFER****HN*026662235A~NM1*TT*2*NJ DEPT. OF HUMAN SERVICES*****PI*70078~MOA***MA01*MA07~DTM*050*20130925~SVC*HC:90834*150*54.89**1~DTM*472*20130909~CAS*CO*45*63.83**223*1.12~CAS*PR*2*14**122*16.16~REF*6R*0~REF*LU*11~AMT*B6*86.17~CLP*102900A130923*1*150*54.89*30.16*MB*0213268015460*11*1~NM1*QC*1*STAFFORD*JAMES****HN*139762323A~MOA***MA01~DTM*050*20130925~SVC*HC:90834*150*54.89**1~DTM*472*20130910~CAS*CO*45*63.83**223*1.12~CAS*PR*2*14**122*16.16~REF*6R*0~REF*LU*11~AMT*B6*86.17~CLP*103200A130923*19*150*54.89*30.16*MB*0213268015480*11*1~NM1*QC*1*ZABOROWSKI*RAYMOND****HN*135405190A~NM1*TT*2*NJ DEPT. OF HUMAN SERVICES*****PI*70078~MOA***MA01*MA07~DTM*050*20130925~SVC*HC:90834*150*54.89**1~DTM*472*20130911~CAS*CO*45*63.83**223*1.12~CAS*PR*2*14**122*16.16~REF*6R*0~REF*LU*11~AMT*B6*86.17~SE*134*0002~ST*835*0003~BPR*H*0*C*NON************20131009~TRN*1*359025545*1205296137~REF*EV*1929361~DTM*405*20131008~N1*PR*NOVITAS SOLUTIONS, INC.~N3*PO BOX 3031~N4*MECHANICSBURG*PA*170551803~REF*2U*12402~PER*CX**TE*8772358073~PER*BL*NOVITAS SOLUTIONS, INC. EDI SERVICES*TE*8772358073*EX*1*EM*WEBSITEEDI@NOVITAS_SOLUTIONS.COM~N1*PE*CATHERINE BIANCHI  CP*XX*1801923404~N3*44 ELM STREET~N4*MORRISTOWN*NJ*079604110~REF*TJ*056605274~LX*1~CLP*0*1*190*0**MB*0813266071050*11~NM1*QC*1*HOSBACH*SANDRA****HN*149364080A~MOA***MA130~DTM*050*20130923~SVC*HC:90806*190*0~DTM*472*20130501~CAS*CO*96*190~REF*6R*LX#01~REF*LU*11~LQ*HE*MA130~LQ*HE*M51~LQ*HE*N301~SE*29*0003~ST*835*0004~BPR*I*205.85*C*ACH*CCP*01*081517693*DA*152302017073*1205296137**01*231372691*DA*0181143836*20131009~TRN*1*886009927*1205296137~REF*EV*1929361~DTM*405*20131008~N1*PR*NOVITAS SOLUTIONS, INC.~N3*PO BOX 3031~N4*MECHANICSBURG*PA*170551803~REF*2U*12402~PER*CX**TE*8772358073~PER*BL*NOVITAS SOLUTIONS, INC. EDI SERVICES*TE*8772358073*EX*1*EM*WEBSITEEDI@NOVITAS_SOLUTIONS.COM~N1*PE*MAUREEN WIESE WAIBEL  CSW*XX*1902991391~N3*800 RARITAN ROAD~N4*CLARK*NJ*070661710~REF*TJ*262135919~LX*1~CLP*106600A130924*19*125*41.17*22.62*MB*0913268288700*11*1~NM1*QC*1*COSQUER*DELORES****HN*143342949A~NM1*TT*2*HORIZON BCBS OF NEW JERSEY*****PI*00019~MOA***MA01*MA18~DTM*050*20130925~SVC*HC:90834*125*41.17**1~DTM*472*20130918~CAS*CO*45*60.37**223*0.84~CAS*PR*2*10.5**122*12.12~REF*6R*0~REF*LU*11~AMT*B6*64.63~CLP*105000A130924*1*125*41.17*22.62*MB*0913268288680*11*1~NM1*QC*1*LIPARI*BARBARA****HN*157662010A~MOA***MA01~DTM*050*20130925~SVC*HC:90834*125*41.17**1~DTM*472*20130916~CAS*CO*45*60.37**223*0.84~CAS*PR*2*10.5**122*12.12~REF*6R*0~REF*LU*11~AMT*B6*64.63~CLP*107800A130924*1*125*41.17*22.62*MB*0913268288720*11*1~NM1*QC*1*LIPARI*BARBARA****HN*157662010A~MOA***MA01~DTM*050*20130925~SVC*HC:90834*125*41.17**1~DTM*472*20130920~CAS*CO*45*60.37**223*0.84~CAS*PR*2*10.5**122*12.12~REF*6R*0~REF*LU*11~AMT*B6*64.63~CLP*106200A130924*19*125*41.17*22.62*MB*0913268288690*11*1~NM1*QC*1*PORTER*DOROTHY****HN*139308631A~NM1*TT*2*UNITEDHEALTH GROUP*****PI*30002~MOA***MA01*MA18~DTM*050*20130925~SVC*HC:90834*125*41.17**1~DTM*472*20130918~CAS*CO*45*60.37**223*0.84~CAS*PR*2*10.5**122*12.12~REF*6R*0~REF*LU*11~AMT*B6*64.63~CLP*107300A130924*19*125*41.17*22.62*MB*0913268288710*11*1~NM1*QC*1*TORRE*JOSEPH****HN*137426725A~NM1*TT*2*UNITEDHEALTH GROUP*****PI*30002~MOA***MA01*MA18~DTM*050*20130925~SVC*HC:90834*125*41.17**1~DTM*472*20130919~CAS*CO*45*60.37**223*0.84~CAS*PR*2*10.5**122*12.12~REF*6R*0~REF*LU*11~AMT*B6*64.63~SE*75*0004~GE*4*157269531~IEA*1*157269531~
