ISA*00*          *00*          *ZZ*330897513      *ZZ*ASSOCIATEDBC   *131011*0638*U*00401*157292158*0*P*:~GS*HP*330897513*ASSOCIATEDBC*20131011*0638*157292158*X*004010X091A1~ST*835*0001~BPR*I*135.72*C*CHK************20131010~TRN*1*1151680492*1362739571*000036273~DTM*405*20131010~N1*PR*UNITED HEALTH CARE*XV*36273~N3*PO BOX 740819~N4*ATLANTA*GA*303740819~PER*CX*CUSTOMER SERVICE*TE*8002277789~N1*PE*WIESE WAIBEL        MAUREEN*XX*1902991391~N3*800 RARITAN RD~N4*CLARK*NJ*070661710~REF*TJ*262135919~LX*1~TS3*1902991391*11*20131231*1*125~CLP*55900A130830*2*125*11.31**15*326682047701*11*1~NM1*QC*1*PORTER*DOROTHY*M***MI*05928264411~DTM*050*20130923~DTM*232*20130821~AMT*AU*64.63~SVC*HC:90834*125*11.31**0~DTM*472*20130821~CAS*CO*23*102.38~CAS*OA*3*11.31~REF*6R*0~AMT*B6*64.63~LX*2~TS3*1902991391*11*20131231*1*125~CLP*58500A130830*2*125*11.31**15*326682047711*11*1~NM1*QC*1*PORTER*DOROTHY*M***MI*05928264411~DTM*050*20130923~DTM*232*20130827~AMT*AU*64.63~SVC*HC:90834*125*11.31**0~DTM*472*20130827~CAS*CO*23*102.38~CAS*OA*3*11.31~REF*6R*0~AMT*B6*64.63~LX*3~TS3*1902991391*11*20131231*1*125~CLP*55800A130830*2*125*22.62**15*326682047721*11*1~NM1*QC*1*CORDLE*MADELINE****MI*02852199812~DTM*050*20130923~DTM*232*20130821~AMT*AU*64.63~SVC*HC:90834*125*22.62**0~DTM*472*20130821~CAS*CO*23*102.38~REF*6R*0~AMT*B6*64.63~LX*4~TS3*1902991391*11*20131231*1*125~CLP*58400A130830*2*125*22.62**15*326682047731*11*1~NM1*QC*1*FETICS*MARY*F***MI*08549116712~DTM*050*20130923~DTM*232*20130827~AMT*AU*64.63~SVC*HC:90834*125*22.62**0~DTM*472*20130827~CAS*CO*23*102.38~REF*6R*0~AMT*B6*64.63~LX*5~TS3*1902991391*11*20131231*1*125~CLP*83300A130917*2*125*11.31**15*328012142051*11*1~NM1*QC*1*PORTER*DOROTHY*M***MI*05928264411~DTM*050*20131007~DTM*232*20130903~AMT*AU*64.63~SVC*HC:90834*125*11.31**0~DTM*472*20130903~CAS*CO*23*102.38~CAS*OA*3*11.31~REF*6R*0~AMT*B6*64.63~LX*6~TS3*1902991391*11*20131231*1*125~CLP*87200A130917*2*125*11.31**15*328012142061*11*1~NM1*QC*1*PORTER*DOROTHY*M***MI*05928264411~DTM*050*20131007~DTM*232*20130910~AMT*AU*64.63~SVC*HC:90834*125*11.31**0~DTM*472*20130910~CAS*CO*23*102.38~CAS*OA*3*11.31~REF*6R*0~AMT*B6*64.63~LX*7~TS3*1902991391*11*20131231*1*125~CLP*88000A130917*2*125*22.62**15*328012142071*11*1~NM1*QC*1*FILIK*LINDAMARI*J***MI*39932703611~NM1*74*1**LINDAMARIE~DTM*050*20131007~DTM*232*20130911~AMT*AU*64.63~SVC*HC:90834*125*22.62**0~DTM*472*20130911~CAS*CO*23*102.38~REF*6R*0~AMT*B6*64.63~LX*8~TS3*1902991391*11*20131231*1*125~CLP*87100A130917*2*125*22.62**15*328012142081*11*1~NM1*QC*1*FETICS*MARY*F***MI*08549116712~DTM*050*20131007~DTM*232*20130910~AMT*AU*64.63~SVC*HC:90834*125*22.62**0~DTM*472*20130910~CAS*CO*23*102.38~REF*6R*0~AMT*B6*64.63~SE*114*0001~ST*835*0002~BPR*I*20*C*CHK************20131009~TRN*1*PG40807685*1411289245*000087726~DTM*405*20131009~N1*PR*UNITED HEALTHCARE INSURANCE COMPANY*XV*87726~N3*GREENSBORO SERVICE CENTER*P.O. BOX 30551~N4*SALT LAKE CITY*UT*841300551~REF*2U*87726~PER*CX*GREENSBORO SERVICE CENTER*TE*8778423210~N1*PE*MAUREEN WIESE WAIBEL LLC*XX*1902991391~N3*800 RARITAN RD~N4*CLARK*NJ*070660000~REF*TJ*262135919~LX*1~TS3*1902991391*11*20131231*1*125~CLP*118300A131001*1*125*20*40*13*4291340528 0039595968*11~NM1*QC*1*BERKOWITZ*DAVID~NM1*IL*1*BERKOWITZ*DAVID****MI*861165032~NM1*74*1*BERKOWITZ*DAVID*K~REF*1L*194422~REF*CE*CHOYC+~DTM*050*20131002~DTM*232*20130925~AMT*AU*125~SVC*HC:90834*125*20**1~DTM*472*20130925~CAS*CO*45*65~CAS*PR*3*40~REF*6R*0~AMT*B6*60~SE*31*0002~ST*835*0003~BPR*I*123*C*CHK************20131009~TRN*1*PG40809875*1411289245*000087726~DTM*405*20131009~N1*PR*UNITED HEALTHCARE INSURANCE COMPANY*XV*87726~N3*SPRINGFIELD SERVICE CENTER*PO BOX 740800~N4*ATLANTA*GA*303740800~REF*2U*87726~PER*CX*SPRINGFIELD SERVICE CENTER*TE*8778423210~N1*PE*JAMES P GULLA*XX*1922200658~N3*13 HOLLOW OAK DR~N4*SANDOWN*NH*038730000~REF*TJ*028425801~LX*1~TS3*1922200658*11*20131231*2*375~CLP*756904613*1*250*82*40*13*4291446489 0026482282*11~NM1*QC*1*OVERDEPUT*HUGO~NM1*IL*1*OVERDEPUT*DEBORAH****MI*979857783~REF*1L*715087~REF*CE*CHOYC+~DTM*050*20131002~DTM*232*20130916~DTM*233*20130930~AMT*AU*250~SVC*HC:90847*125*41**1~DTM*472*20130916~CAS*CO*45*64~CAS*PR*3*20~REF*6R*613756904613~AMT*B6*61~SVC*HC:90847*125*41**1~DTM*472*20130930~CAS*CO*45*64~CAS*PR*3*20~REF*6R*614756904613~AMT*B6*61~CLP*756904612*1*125*41*20*13*4291446490 0026482289*11~NM1*QC*1*OVERDEPUT*DEBORAH~NM1*IL*1*OVERDEPUT*DEBORAH****MI*979857783~REF*1L*715087~REF*CE*CHOYC+~REF*G1*UBH~DTM*050*20131002~DTM*232*20130917~AMT*AU*125~SVC*HC:90834*125*41**1~DTM*472*20130917~CAS*CO*45*64~CAS*PR*3*20~REF*6R*612756904612~AMT*B6*61~SE*52*0003~ST*835*0004~BPR*I*41*C*CHK************20131009~TRN*1*PH66803138*1411289245*000087726~DTM*405*20131009~N1*PR*UNITED HEALTHCARE INSURANCE COMPANY*XV*87726~N3*GREENSBORO SERVICE CENTER*P.O. BOX 740800~N4*ATLANTA*GA*303740800~REF*2U*87726~PER*CX*GREENSBORO SERVICE CENTER*TE*8778423210~N1*PE*JAMES P GULLA*XX*1922200658~N3*13 HOLLOW OAK DR~N4*SANDOWN*NH*038730000~REF*TJ*028425801~LX*1~TS3*1922200658*11*20131231*1*125~CLP*756904595*1*125*41*20*13*4291446487 0034198052*11~NM1*QC*1*BILAPKA-COWPAR*KRISTEN~NM1*IL*1*COWPAR*IAN****MI*814885591~REF*1L*711412~REF*CE*CHOYC+~REF*G1*UBH~DTM*050*20131002~DTM*232*20130921~AMT*AU*125~SVC*HC:90834*125*41**1~DTM*472*20130921~CAS*CO*45*64~CAS*PR*3*20~REF*6R*587756904595~AMT*B6*61~SE*31*0004~ST*835*0005~BPR*I*189.75*C*CHK************20131009~TRN*1*PH66803140*1411289245*000087726~DTM*405*20131009~N1*PR*UNITED HEALTHCARE INSURANCE COMPANY*XV*87726~N3*GREENSBORO SERVICE CENTER*P.O. BOX 740800~N4*ATLANTA*GA*303740800~REF*2U*87726~PER*CX*GREENSBORO SERVICE CENTER*TE*8778423210~N1*PE*MELANIE A CALLENDER*XX*1851330955~N3*29 CLYDE RD STE 201~N4*SOMERSET*NJ*088730000~REF*TJ*223314263~LX*1~TS3*1851330955*11*20131231*1*420~CLP*756424586*1*420*189.75*60*13*4289457601 0034173070*11~NM1*QC*1*WASHINGTON*NATISHA~NM1*IL*1*WASHINGTON*NATISHA****MI*942283413~NM1*74*1*WASHINGTON*NATISHA*L~REF*1L*711412~REF*CE*CHOYC+~DTM*050*20131001~DTM*232*20130912~DTM*233*20130926~AMT*AU*420~SVC*HC:90834*140*63.25**1~DTM*472*20130912~CAS*CO*45*56.75~CAS*PR*3*20~REF*6R*123756424586~AMT*B6*83.25~SVC*HC:90834*140*63.25**1~DTM*472*20130920~CAS*CO*45*56.75~CAS*PR*3*20~REF*6R*124756424586~AMT*B6*83.25~SVC*HC:90834*140*63.25**1~DTM*472*20130926~CAS*CO*45*56.75~CAS*PR*3*20~REF*6R*125756424586~AMT*B6*83.25~SE*44*0005~ST*835*0006~BPR*I*53.25*C*CHK************20131009~TRN*1*PH90270523*1411289245*000087726~DTM*405*20131009~N1*PR*UNITED HEALTHCARE INSURANCE COMPANY*XV*87726~N3*GREENSBORO SERVICE CENTER*P.O. BOX 740800~N4*ATLANTA*GA*303740800~REF*2U*87726~PER*CX*GREENSBORO SERVICE CENTER*TE*8778423210~N1*PE*MELANIE A CALLENDER*XX*1851330955~N3*29 CLYDE RD STE 201~N4*SOMERSET*NJ*088730000~REF*TJ*223314263~LX*1~TS3*1851330955*11*20131231*1*140~CLP*756424572*1*140*53.25*30*13*4289457603 0034173011*11~NM1*QC*1*CARRINGTON*ALEXIS~NM1*IL*1*RODNEY*NOEL****MI*976366306~NM1*74*1*NOEL*RODNEY*M~REF*1L*229994~REF*CE*CHOYC+~DTM*050*20131001~DTM*232*20130912~AMT*AU*140~SVC*HC:90834*140*53.25**1~DTM*472*20130912~CAS*CO*45*56.75~CAS*PR*3*30~REF*6R*082756424572~AMT*B6*83.25~SE*31*0006~ST*835*0007~BPR*H*0*C*NON************20131009~TRN*1*QK91519513*1411289245*000087726~DTM*405*20131009~N1*PR*UNITED HEALTHCARE INSURANCE COMPANY*XV*87726~N3*BUFFALO SERVICE CENTER*PO BOX 740800~N4*ATLANTA*GA*303740800~REF*2U*87726~PER*CX*BUFFALO SERVICE CENTER*TE*8778423210~N1*PE*MAUREEN WIESE WAIBEL LLC*XX*1902991391~N3*800 RARITAN RD~N4*CLARK*NJ*070660000~REF*TJ*262135919~LX*1~TS3*1902991391*11*20131231*1*125~CLP*120200A131001*1*125*0*125*13*4291340527 0057603248*11~NM1*QC*1*MENDEZ*ERIKA~NM1*IL*1*MENDEZ*NORMA****MI*816157884~NM1*74*1*MARTINEZ*NORMA*I~REF*1L*228594~REF*CE*CHOYC+~DTM*050*20131002~DTM*232*20130927~SVC*HC:90834*125*0**1~DTM*472*20130927~CAS*PR*227*125~REF*6R*0~LQ*HE*N479~SE*29*0007~ST*835*0008~BPR*I*31*C*CHK************20131009~TRN*1*QL42826191*1411289245*000087726~DTM*405*20131009~N1*PR*UNITED HEALTHCARE INSURANCE COMPANY*XV*87726~N3*GREENSBORO SMALL GROUP*P O BOX 740800~N4*ATLANTA*GA*303740800~REF*2U*87726~PER*CX*GREENSBORO SMALL GROUP*TE*8778423210~N1*PE*JAMES P GULLA*XX*1922200658~N3*13 HOLLOW OAK DR~N4*SANDOWN*NH*038730000~REF*TJ*028425801~LX*1~TS3*1922200658*11*20131231*1*125~CLP*756904596*1*125*31*30*14*4291446488 0232020740*11~NM1*QC*1*DRISCOLL*YVONNE~NM1*IL*1*DRISCOLL*MICHAEL****MI*867310018~NM1*74*1*DRISCOLL*MICHAEL*E~REF*1L*6J9610~REF*CE*CHOYC~REF*G1*UBH~DTM*050*20131002~DTM*232*20130926~AMT*AU*125~SVC*HC:90847*125*31**1~DTM*472*20130926~CAS*CO*45*64~CAS*PR*3*30~REF*6R*588756904596~AMT*B6*61~SE*32*0008~GE*8*157292158~IEA*1*157292158~
