ISA*00*          *00*          *ZZ*330897513      *ZZ*ASSOCIATEDBC   *131011*2135*^*00501*157424636*0*P*:~GS*HP*330897513*ASSOCIATEDBC*20131011*2135*157424636*X*005010X221A1~ST*835*0001~BPR*I*248.6*C*ACH*CCP*01*043301627*DA*1029131471*1571132733*000099726*01*999999999*DA*999999999*20131016~TRN*1*5031525277WR4*1571132733*000099726~REF*EV*7GW0013CA3~REF*F2*447585592     R86031004013307~DTM*405*20131004~N1*PR*TRICARE~N3*TRICARE WEST REGION*P.O. BOX 7065~N4*CAMDEN*SC*290207065~REF*2U*99726~REF*EO*1100000001~PER*BL*TRICARE ELECTRONIC CLAIMS SERVICE CENTER*TE*8003255920~N1*PE*KATHI JACKSON*XX*1144266438~N3*2731 WETMORE AVE~N4*EVERETT*WA*98201~REF*TJ*447585592~LX*1~CLP*756999039*1*150*55.47*25*CH*3274X5RFT-00*11*1~NM1*QC*1*BEEMAN*KIAH*L***MI*594640993~NM1*IL*1*BEEMAN*MICHAEL*W***MI*594640993~DTM*050*20131001~AMT*AU*80.47~SVC*HC:90834*150*55.47~DTM*472*20130916~CAS*CO*45*69.53~CAS*PR*3*25~REF*6R*431756999039~AMT*B6*80.47~LX*2~CLP*756999062*1*450*193.13*48.28*CH*3274X5RFW-00*11*1~NM1*QC*1*OTTERBECK*HAYLEY*G***MI*416988756~NM1*IL*1*BARR*RICKY*K***MI*416988756~DTM*050*20131001~AMT*AU*241.41~SVC*HC:90834*150*64.38~DTM*472*20130916~CAS*CO*45*69.53~CAS*PR*2*16.09~REF*6R*465756999062~AMT*B6*80.47~SVC*HC:90834*150*64.37~DTM*472*20130923~CAS*CO*45*69.53~CAS*PR*2*16.1~REF*6R*466756999062~AMT*B6*80.47~SVC*HC:90834*150*64.38~DTM*472*20130930~CAS*CO*45*69.53~CAS*PR*2*16.09~REF*6R*467756999062~AMT*B6*80.47~SE*53*0001~GE*1*157424636~IEA*1*157424636~
