ISA*00*          *00*          *ZZ*330897513      *ZZ*ASSOCIATEDBC   *131012*0034*^*00501*157435920*0*P*:~GS*HP*330897513*ASSOCIATEDBC*20131012*0034*157435920*X*005010X221A1~ST*835*0001~BPR*H*0*C*NON************20131010~TRN*1*V54923001328310*1237391136~REF*EV*EMPIRENY~DTM*405*20131010~N1*PR*EMPIRE HEALTHCHOICE ASSURANCE, INC.~N3*165 BROADWAY~N4*NEW YORK*NY*10006~PER*BL*EDI SOLUTIONS*TE*8668897322*EM*EDIHELPDESK-NE@WELLPOINT.COM~N1*PE*CYNTHIA M BRATMAN PHD*XX*1184788275~N3*STE 209*20 NASSAU ST~N4*PRINCETON*NJ*08542~REF*TJ*200286572~LX*1~CLP*0*1*525*0*437.5*15*32839971380~NM1*QC*1*CUSUMANO*RACHEL****MI*BLM144680948~NM1*IL*1*CUSUMANO*AMY-SUE****MI*BLM144680948~REF*1L*295798PPO~DTM*050*20131009~PER*CX*EMPIRE HEALTHCHOICE ASSURANCE, INC.*TE*8664076468~AMT*AU*87.5~SVC*HC:90834*175*0**1**0~DTM*472*20130919~CAS*PR*1*175~AMT*B6*175~SVC*HC:90834*175*0**1**0~DTM*472*20130924~CAS*PR*1*175~AMT*B6*175~SVC*HC:90834*175*0**1**0~DTM*472*20130925~CAS*OA*100*87.5~CAS*PR*1*50**2*37.5~AMT*B6*175~SE*35*0001~GE*1*157435920~IEA*1*157435920~
