ISA*00*          *00*          *ZZ*330897513      *ZZ*ASSOCIATEDBC   *131014*1020*U*00401*157541722*0*P*:~GS*HP*330897513*ASSOCIATEDBC*20131014*1020*157541722*X*004010X091A1~ST*835*0001~BPR*I*93*C*ACH*CCP*01*031100225*DA*2079950064280/*1220999690**01*231372691*DA*0181143836*20131010~TRN*1*0004363227*1220999690*8352013101112340869~REF*EV*1902991391~DTM*405*20131010~N1*PR*HORIZON BCBSNJ~N3*PAYOR ADDRESS 1~N4*NEWARK*NJ*071010420~REF*2U*22099~N1*PE*M M WIESE WAIBEL LCSW*XX*1902991391~N3*800 RARITAN RD~N4*CLARK*NJ*070661710~REF*PQ*2621359190~REF*TJ*262135919~LX*1~CLP*128200A131002*1*250*58*20*12*780271327727353   00**1~NM1*QC*1*MCDONALD*THOMAS****MI*DZVAN4493360~NM1*82*2*M M WIESE WAIBEL LCSW*****XX*1902991391~DTM*050*20131004~DTM*232*20130927~DTM*233*20130927~AMT*AU*78~AMT*T2*58~SVC*HC:99199*250*58**1*HC:90791~DTM*472*20130927~CAS*PR*3*20~CAS*CO*45*172~REF*6R*0~REF*HPI*1902991391~AMT*B6*78~CLP*116500A131001*1*125*35*25*13*780261327902763   00**1~NM1*QC*1*ORSINI*SUSAN*J***MI*HEF3HZN69937170~NM1*IL*1*ORSINI*NICHOLAS****MI*3HZN699371700~NM1*74*1*ORSINI*NICHOLAS*R***C*3HZN699371700~NM1*82*2*M M WIESE WAIBEL LCSW*****XX*1902991391~DTM*050*20131003~DTM*232*20130923~DTM*233*20130923~PER*CX*NATIONAL ACCOUNTS POS*TE*8006244758~AMT*AU*60~AMT*T2*35~SVC*HC:99199*125*35**1*HC:90834~DTM*472*20130923~CAS*PR*3*25~CAS*CO*45*65~REF*6R*0~REF*HPI*1902991391~AMT*B6*60~SE*49*0001~ST*835*0002~BPR*I*68*C*ACH*CCP*01*031100225*DA*2079950064280/*1220999690**01*021200025*DA*2000030280694*20131010~TRN*1*0004359226*1220999690*8352013101112351003~REF*EV*1598809212~DTM*405*20131010~N1*PR*HORIZON BCBSNJ~N3*PAYOR ADDRESS 1~N4*NEWARK*NJ*071010420~REF*2U*22099~N1*PE*W BENTON PHD*XX*1598809212~N3*PO BOX 3524~N4*UNION*NJ*070831896~REF*PQ*2083116130~REF*TJ*208311613~LX*1~CLP*757631677*1*160*68*5*13*780261327825104   00**1~NM1*QC*1*CANNON*DEBORAH****MI*3HZN567844900~NM1*74*1*CANNON*DEBORAH*R***C*YHP3HZN56784490~NM1*82*2*W  BENTON PHD*****XX*1598809212~DTM*050*20131004~DTM*232*20130925~DTM*233*20130925~PER*CX*HORIZON BLUE CROSS BLUE SHIELD OF NEW JERSEY DIRECT ACCESS*TE*8006241110~AMT*AU*73~AMT*T2*68~SVC*HC:99199*160*68**1*HC:90834~DTM*472*20130925~CAS*PR*3*5~CAS*CO*45*87~REF*6R*331757631677~REF*HPI*1598809212~AMT*B6*73~SE*33*0002~ST*835*0003~BPR*H*0*C*NON************20131010~TRN*1*0015567499*1220999690*8352013101113171962~REF*EV*1033218813~DTM*405*20131010~N1*PR*HORIZON BCBSNJ~N3*PAYOR ADDRESS 1~N4*NEWARK*NJ*071010420~REF*2U*22099~N1*PE*R T ARENA PHD*XX*1033218813~N3*49 MARKET ST~N4*SADDLE BROOK*NJ*076634849~REF*PQ*0533279390~REF*TJ*053327939~LX*1~CLP*757499631*1*150*0*73*13*780261327827702   00**1~NM1*QC*1*ROTHSCHILD*SHARON****MI*YHQ3HZN18978820~NM1*82*2*R T ARENA PHD*****XX*1033218813~DTM*050*20131004~DTM*232*20130925~DTM*233*20130925~PER*CX*HORIZON BLUE CROSS BLUE SHIELD OF NEW JERSEY DIRECT ACCESS*TE*8006241110~AMT*AU*73~SVC*HC:99199*150*0**1*HC:90837~DTM*472*20130925~CAS*PR*1*73~CAS*CO*45*77~REF*6R*227757499631~REF*HPI*1033218813~AMT*B6*73~SE*31*0003~ST*835*0004~BPR*I*179*C*CHK************20131010~TRN*1*0062489454*1220999690*8352013101113494175~REF*EV*1467635987~DTM*405*20131010~N1*PR*HORIZON BCBSNJ~N3*PAYOR ADDRESS 1~N4*NEWARK*NJ*071010420~REF*2U*22099~N1*PE*H K LOPES LPC*XX*1467635987~N3*77 N MAIN ST~N4*MILLTOWN*NJ*088501521~REF*PQ*4540820350~REF*TJ*454082035~LX*1~CLP*72200A130909*1*125*54*6*13*780261327337256   00**1~NM1*QC*1*WHITE*GWYNE****MI*NJX3HZN24221580~NM1*82*2*H K LOPES LPC*****XX*1467635987~DTM*050*20130930~DTM*232*20130824~DTM*233*20130824~PER*CX*NJ DIRECT*TE*8006241110~AMT*AU*60~AMT*T2*54~SVC*HC:99199*125*54**1*HC:90834~DTM*472*20130824~CAS*PR*2*6~CAS*CO*45*65~REF*6R*25672200A130909~REF*HPI*1467635987~AMT*B6*60~CLP*125300A131002*1*125*20*40*13*780261327828677   00**1~NM1*QC*1*RAMIREZ*ALEXANDRA(NP)****MI*3HZN310296200~NM1*74*1*RAMIREZ*ALEXANDRA****C*YKQ3HZN31029620~NM1*82*2*H K LOPES LPC*****XX*1467635987~DTM*050*20131004~DTM*232*20130910~DTM*233*20130910~AMT*AU*60~AMT*T2*20~SVC*HC:99199*125*20**1*HC:90834~DTM*472*20130910~CAS*PR*3*40~CAS*CO*45*65~REF*6R*0~REF*HPI*1467635987~AMT*B6*60~CLP*YHP3HZN43798090*1*375*105*75*13*780271328179351   00**1~NM1*QC*1*PINO*AIXA*C***MI*3HZN43798090~NM1*82*2*H K LOPES LPC*****XX*1467635987~DTM*050*20131004~DTM*232*20130911~DTM*233*20130926~PER*CX*HORIZON BLUE CROSS BLUE SHIELD OF NEW JERSEY DIRECT ACCESS*TE*8006241110~AMT*AU*180~AMT*T2*105~SVC*HC:99199*125*35**1*HC:90834~DTM*472*20130911~CAS*PR*3*25~CAS*CO*45*65~REF*6R*000001~REF*HPI*1467635987~AMT*B6*60~SVC*HC:99199*125*35**1*HC:90834~DTM*472*20130918~CAS*PR*3*25~CAS*CO*45*65~REF*6R*000002~REF*HPI*1467635987~AMT*B6*60~SVC*HC:99199*125*35**1*HC:90834~DTM*472*20130926~CAS*PR*3*25~CAS*CO*45*65~REF*6R*000003~REF*HPI*1467635987~AMT*B6*60~SE*78*0004~ST*835*0005~BPR*I*216*C*CHK************20131011~TRN*1*0062505508*1220999690*8352013101206264027~REF*EV*1467635987~DTM*405*20131011~N1*PR*HORIZON BCBSNJ~N3*PAYOR ADDRESS 1~N4*NEWARK*NJ*071010420~REF*2U*22099~N1*PE*H K LOPES LPC*XX*1467635987~N3*77 N MAIN ST~N4*MILLTOWN*NJ*088501521~REF*PQ*4540820350~REF*TJ*454082035~LX*1~CLP*3HZN62032420*1*375*162*18*13*780281328116159   00**1~NM1*QC*1*MAGAZINER*SARAH****MI*3HZN62032420~NM1*IL*1*MAGAZINER*SHERYL*F***MI*3HZN620324200~NM1*82*2*H K LOPES LPC*****XX*1467635987~DTM*050*20131004~DTM*232*20130910~DTM*233*20130924~PER*CX*NJ DIRECT*TE*8006241110~AMT*AU*180~AMT*T2*162~SVC*HC:99199*125*54**1*HC:90834~DTM*472*20130910~CAS*PR*2*6~CAS*CO*45*65~REF*6R*000001~REF*HPI*1467635987~AMT*B6*60~SVC*HC:99199*125*54**1*HC:90834~DTM*472*20130917~CAS*PR*2*6~CAS*CO*45*65~REF*6R*000002~REF*HPI*1467635987~AMT*B6*60~SVC*HC:99199*125*54**1*HC:90834~DTM*472*20130924~CAS*PR*2*6~CAS*CO*45*65~REF*6R*000003~REF*HPI*1467635987~AMT*B6*60~CLP*NJX3HZN86113210*1*250*0*250*13*780281328116081   00**1~NM1*QC*1*STEINER*SARA****MI*3HZN86113210~NM1*IL*1*STEINER*VINCENE*A***MI*3HZN861132100~NM1*82*2*H K LOPES LPC*****XX*1467635987~DTM*050*20131004~DTM*232*20130918~DTM*233*20130923~PER*CX*NJ DIRECT*TE*8006241110~SVC*HC:99199*125*0**1*HC:90834~DTM*472*20130918~CAS*PR*22*125~REF*6R*000001~REF*HPI*1467635987~SVC*HC:99199*125*0**1*HC:90834~DTM*472*20130923~CAS*PR*22*125~REF*6R*000002~REF*HPI*1467635987~CLP*NJX3HZN24221580*1*125*54*6*13*780261328173080   00**1~NM1*QC*1*WHITE*GWYNE****MI*3HZN24221580~NM1*82*2*H K LOPES LPC*****XX*1467635987~DTM*050*20131004~DTM*232*20130914~DTM*233*20130914~PER*CX*NJ DIRECT*TE*8006241110~AMT*AU*60~AMT*T2*54~SVC*HC:99199*125*54**1*HC:90834~DTM*472*20130914~CAS*PR*2*6~CAS*CO*45*65~REF*6R*000001~REF*HPI*1467635987~AMT*B6*60~SE*81*0005~ST*835*0006~BPR*H*0*C*NON************20131011~TRN*1*0015570999*1220999690*8352013101205290846~REF*EV*1902991391~DTM*405*20131011~N1*PR*HORIZON BCBSNJ~N3*PAYOR ADDRESS 1~N4*NEWARK*NJ*071010420~REF*2U*22099~N1*PE*M M WIESE WAIBEL LCSW*XX*1902991391~N3*800 RARITAN RD~N4*CLARK*NJ*070661710~REF*PQ*2621359190~REF*TJ*262135919~LX*1~CLP*98100A130918*22*-250*-38**12*780261326378094   01**1~CAS*CR*96*40~CAS*CR*96*-40~NM1*QC*1*COSBY*SHANNON****MI*RHF171A78603~NM1*82*2*M M WIESE WAIBEL LCSW*****XX*1902991391~MOA***MA69~DTM*050*20131001~DTM*232*20130903~DTM*233*20130903~AMT*AU*-78~AMT*T2*-38~SVC*HC:99199*-250*-38**1*HC:90791~DTM*472*20130903~CAS*CR*3*-40~CAS*CR*45*-172~REF*6R*0~REF*HPI*1902991391~CLP*98100A130918*1*250*0*250*12*780261326378094   02**1~NM1*QC*1*COSBY*SHANNON****MI*RHF171A78603~NM1*82*2*M M WIESE WAIBEL LCSW*****XX*1902991391~MOA***MA67~DTM*050*20131001~DTM*232*20130903~DTM*233*20130903~SVC*HC:99199*250*0**1*HC:90791~DTM*472*20130903~CAS*PR*45*250~REF*6R*0~REF*HPI*1902991391~LQ*HE*MA67~PLB*1902991391*20131231*FB:98100A130918*-38~SE*47*0006~ST*835*0007~BPR*I*65.7*C*ACH*CCP*01*031100225*DA*2079950064280/*1220999690**01*021200025*DA*2000030280694*20131011~TRN*1*0004366572*1220999690*8352013101205300980~REF*EV*1598809212~DTM*405*20131011~N1*PR*HORIZON BCBSNJ~N3*PAYOR ADDRESS 1~N4*NEWARK*NJ*071010420~REF*2U*22099~N1*PE*W BENTON PHD*XX*1598809212~N3*PO BOX 3524~N4*UNION*NJ*070831896~REF*PQ*2083116130~REF*TJ*208311613~LX*1~CLP*759180470*1*175*65.7*7.3*13*780261328268088   00**1~NM1*QC*1*GASKINS*SAKEENA****MI*3HZN127977000~NM1*74*1*GASKINS*SAKEENA*S***C*NJX3HZN12797700~NM1*82*2*W  BENTON PHD*****XX*1598809212~DTM*050*20131009~DTM*232*20130601~DTM*233*20130601~PER*CX*NJ DIRECT*TE*8006241110~AMT*AU*73~AMT*T2*65.7~SVC*HC:90847*175*65.7**1~DTM*472*20130601~CAS*PR*2*7.3~CAS*CO*45*102~REF*6R*389759180470~REF*HPI*1598809212~AMT*B6*73~SE*33*0007~GE*7*157541722~IEA*1*157541722~
