ISA*00*          *00*          *ZZ*330897513      *ZZ*ASSOCIATEDBC   *131014*0700*U*00401*157509349*0*P*:~GS*HP*330897513*ASSOCIATEDBC*20131014*0700*157509349*X*004010X091A1~ST*835*0001~BPR*I*145*C*ACH*CCP*01*124384877*DA*1470858534*1411289245*000087726*01*323371076*DA*17606003194*20131015~TRN*1*1QG92791428*1411289245*000087726~DTM*405*20131009~N1*PR*UNITED HEALTHCARE INSURANCE COMPANY*XV*87726~N3*9900 BREN ROAD~N4*MINNETONKA*MN*553430000~REF*2U*87726~PER*CX*ATLANTA SERVICE CENTER*TE*8778423210~N1*PE*KATHI L JACKSON PHD*XX*1144266438~N3*2731 WETMORE AVENUE 240~N4*EVERETT*WA*982010000~REF*TJ*447585592~LX*1~TS3*1144266438*11*20131231*2*600~CLP*756999041*1*300*145*40*13*4291338324 0057603269*11~NM1*QC*1*BROPHY*BRITTANY~NM1*IL*1*BROPHY*BARRY****MI*823993638~REF*1L*228485~REF*CE*CHOYC+~DTM*050*20131002~DTM*232*20130917~DTM*233*20130924~AMT*AU*300~SVC*HC:90834*150*72.5**1~DTM*472*20130917~CAS*CO*45*57.5~CAS*PR*3*20~REF*6R*433756999041~AMT*B6*92.5~SVC*HC:90834*150*72.5**1~DTM*472*20130924~CAS*CO*45*57.5~CAS*PR*3*20~REF*6R*434756999041~AMT*B6*92.5~CLP*756999052*1*300*0*102.25*13*4291338323 0027964549*11~NM1*QC*1*FITZMAURICE*BRITTANY~NM1*IL*1*FITZMAURICE*CHRIS****MI*808822491~NM1*74*1*FITZMAURICE*CHRISTOPHER*D~REF*1L*701603~REF*CE*CHOYC+~DTM*050*20131002~DTM*232*20130928~AMT*AU*300~SVC*HC:90791*300*0**1~DTM*472*20130928~CAS*CO*45*197.75~CAS*PR*1*102.25~REF*6R*452756999052~AMT*B6*102.25~SE*52*0001~ST*835*0002~BPR*I*80*C*CHK************20131010~TRN*1*OD40546990*1411289245*000087726~DTM*405*20131010~N1*PR*UNITED HEALTHCARE INSURANCE COMPANY*XV*87726~N3*EMPIRE MHSA SERVICE CENTER*PO BOX 5190~N4*KINGSTON*NY*124025190~REF*2U*87726~PER*CX*EMPIRE MHSA SERVICE CENTER*TE*8777697447~N1*PE*NANCY SAXTON LOPEZ*XX*1053490193~N3*6 PROSPECT ST STE 3B~N4*MIDLAND PARK*NJ*074320000~REF*TJ*096386775~LX*1~TS3*1053490193*11*20131231*1*250~CLP*757036552*1*250*80*40*12*4291338110 0286702139*11~NM1*QC*1*MORRIS*LINDA~NM1*IL*1*MORRIS*LINDA****MI*890149798~NM1*74*1*MORRIS*L*B~REF*1L*715116~REF*CE*OPT PPO~REF*G1*97NL8W-01 (OPTU~DTM*050*20131002~DTM*232*20130917~DTM*233*20130924~AMT*AU*250~SVC*HC:90834*125*40**1~DTM*472*20130917~CAS*CO*45*65~CAS*PR*3*20~REF*6R*093757036552~AMT*B6*60~SVC*HC:90834*125*40**1~DTM*472*20130924~CAS*CO*45*65~CAS*PR*3*20~REF*6R*094757036552~AMT*B6*60~SE*39*0002~ST*835*0003~BPR*I*30*C*CHK************20131010~TRN*1*PG40815231*1411289245*000087726~DTM*405*20131010~N1*PR*UNITED HEALTHCARE INSURANCE COMPANY*XV*87726~N3*KINGSTON SERVICE CENTER*PO BOX 740800~N4*ATLANTA*GA*303740800~REF*2U*87726~PER*CX*KINGSTON SERVICE CENTER*TE*8778423210~N1*PE*NANCY SAXTON LOPEZ*XX*1053490193~N3*6 PROSPECT ST STE 3B~N4*MIDLAND PARK*NJ*074320000~REF*TJ*096386775~LX*1~TS3*1053490193*11*20131231*1*125~CLP*970114223*1*125*30*30*13*4291338112 0004355308*11~NM1*QC*1*HAND*SARIT~NM1*IL*1*HAND*SARIT****MI*970114223~NM1*74*1*HAND*SARIT*F~REF*1L*752233~REF*CE*CHOYC+~DTM*050*20131002~DTM*232*20130917~AMT*AU*125~SVC*HC:90834*125*30**1~DTM*472*20130917~CAS*CO*45*65~CAS*PR*3*30~REF*6R*044970114223~AMT*B6*60~SE*31*0003~ST*835*0004~BPR*I*45*C*CHK************20131010~TRN*1*PH41525376*1411289245*000087726~DTM*405*20131010~N1*PR*UNITED HEALTHCARE INSURANCE COMPANY*XV*87726~N3*GREENSBORO SERVICE CENTER*P.O. BOX 740800~N4*ATLANTA*GA*303740800~REF*2U*87726~PER*CX*GREENSBORO SERVICE CENTER*TE*8778423210~N1*PE*ROBYN M REZNIK*XX*1417034182~N3*9 PROFESSIONAL CIR STE 206~N4*COLTS NECK*NJ*077220000~REF*TJ*204217997~LX*1~TS3*1417034182*11*20131231*1*125~CLP*756847613*1*125*45*15*13*4291432145 0005685852*11~NM1*QC*1*BUSZKO*KRISTEN~NM1*IL*1*BUSZKO*KRISTEN****MI*829910697~NM1*74*1*BUSZKO*KRISTEN*A~REF*1L*700049~REF*CE*CHOYC+~DTM*050*20131002~DTM*232*20130924~AMT*AU*125~SVC*HC:90834*125*45**1~DTM*472*20130924~CAS*CO*45*65~CAS*PR*3*15~REF*6R*194756847613~AMT*B6*60~SE*31*0004~ST*835*0005~BPR*I*72.75*C*CHK************20131010~TRN*1*PH66805176*1411289245*000087726~DTM*405*20131010~N1*PR*UNITED HEALTHCARE INSURANCE COMPANY*XV*87726~N3*CHICO SERVICE CENTER*PO BOX 30555~N4*SALT LAKE CITY*UT*841300555~REF*2U*87726~PER*CX*CHICO SERVICE CENTER*TE*8778423210~N1*PE*ROSEMARY T ARENA*XX*1033218813~N3*49 MARKET ST~N4*SADDLE BROOK*NJ*076630000~REF*TJ*053327939~LX*1~TS3*1033218813*11*20131231*1*200~CLP*757499625*1*200*72.75*25*13*4292961741 0007661164*11~NM1*QC*1*DE CARO*PATRICK~NM1*IL*1*DE CARO*THERESA****MI*937102171~NM1*74*1*DECARO*THERESA~REF*1L*751992~REF*CE*CHOYC+~DTM*050*20131003~DTM*232*20130923~AMT*AU*200~SVC*HC:90791*200*72.75**1~DTM*472*20130923~CAS*CO*45*102.25~CAS*PR*3*25~REF*6R*221757499625~AMT*B6*97.75~SE*31*0005~ST*835*0006~BPR*I*80*C*CHK************20131010~TRN*1*QC06937215*1411289245*000087726~DTM*405*20131010~N1*PR*UNITED HEALTHCARE INSURANCE COMPANY*XV*87726~N3*FREDERICK SERVICE CENTER*P.O. BOX 740800~N4*ATLANTA*GA*303740800~REF*2U*87726~PER*CX*FREDERICK SERVICE CENTER*TE*8778423210~N1*PE*ROBYN M REZNIK*XX*1417034182~N3*9 PROFESSIONAL CIR STE 206~N4*COLTS NECK*NJ*077220000~REF*TJ*204217997~LX*1~TS3*1417034182*11*20131231*1*250~CLP*756847614*1*250*80*40*13*4291432146 0005558586*11~NM1*QC*1*FREEMAN*BRIANNA~NM1*IL*1*FREEMAN*BRIAN*C***MI*924743979~REF*1L*717755~REF*CE*CHOYC+~DTM*050*20131002~DTM*232*20130917~DTM*233*20130924~AMT*AU*250~SVC*HC:90834*125*40**1~DTM*472*20130917~CAS*CO*45*65~CAS*PR*3*20~REF*6R*195756847614~AMT*B6*60~SVC*HC:90834*125*40**1~DTM*472*20130924~CAS*CO*45*65~CAS*PR*3*20~REF*6R*196756847614~AMT*B6*60~SE*37*0006~GE*6*157509349~IEA*1*157509349~
