ISA*00*          *00*          *ZZ*330897513      *ZZ*ASSOCIATEDBC   *131014*1540*U*00401*157598863*0*P*:~GS*HP*330897513*ASSOCIATEDBC*20131014*1540*157598863*X*004010X091A1~ST*835*0001~BPR*I*103*C*ACH*CCP*01*031100225*DA*2079950064280/*1220999690**01*021200025*DA*2000030280694*20131009~TRN*1*0004351644*1220999690*8352013101101580993~REF*EV*1598809212~DTM*405*20131009~N1*PR*HORIZON BCBSNJ~N3*PAYOR ADDRESS 1~N4*NEWARK*NJ*071010420~REF*2U*22099~N1*PE*W BENTON PHD*XX*1598809212~N3*PO BOX 3524~N4*UNION*NJ*070831896~REF*PQ*2083116130~REF*TJ*208311613~LX*1~CLP*757631693*1*175*80*20*12*780261327832066   00**1~NM1*QC*1*TAMAYO*AIDEN****MI*DZVAN4489211~NM1*IL*1*TAMAYO*GEORGE****MI*DZVAN4489211~NM1*82*2*W  BENTON PHD*****XX*1598809212~DTM*050*20131004~DTM*232*20130925~DTM*233*20130925~AMT*AU*100~AMT*T2*80~SVC*HC:90847*175*80**1~DTM*472*20130925~CAS*PR*3*20~CAS*CO*45*75~REF*6R*350757631693~REF*HPI*1598809212~AMT*B6*100~CLP*757631674*1*160*0*73*13*780261327830069   00**1~NM1*QC*1*BETHEA*JOI*R***MI*YHO3HZN40322080~NM1*82*2*W  BENTON PHD*****XX*1598809212~DTM*050*20131004~DTM*232*20130927~DTM*233*20130927~PER*CX*HORIZON BLUE CROSS BLUE SHIELD OF NEW JERSEY DIRECT ACCESS*TE*8006241110~AMT*AU*73~SVC*HC:99199*160*0**1*HC:90834~DTM*472*20130927~CAS*PR*1*73~CAS*CO*45*87~REF*6R*328757631674~REF*HPI*1598809212~AMT*B6*73~CLP*757631690*1*160*23*50*13*780271327720827   00**1~NM1*QC*1*STEWART*KIMBERLY****MI*YHK3HZN71042200~NM1*82*2*W  BENTON PHD*****XX*1598809212~DTM*050*20131004~DTM*232*20130928~DTM*233*20130928~PER*CX*NATIONAL ACCOUNTS POS*TE*8006244758~AMT*AU*73~AMT*T2*23~SVC*HC:99199*160*23**1*HC:90834~DTM*472*20130928~CAS*PR*3*50~CAS*CO*45*87~REF*6R*346757631690~REF*HPI*1598809212~AMT*B6*73~SE*63*0001~ST*835*0002~BPR*I*55*C*ACH*CCP*01*031100225*DA*2079950064280/*1220999690**01*231372691*DA*0181143836*20131009~TRN*1*0004355779*1220999690*8352013101101570852~REF*EV*1902991391~DTM*405*20131009~N1*PR*HORIZON BCBSNJ~N3*PAYOR ADDRESS 1~N4*NEWARK*NJ*071010420~REF*2U*22099~N1*PE*M M WIESE WAIBEL LCSW*XX*1902991391~N3*800 RARITAN RD~N4*CLARK*NJ*070661710~REF*PQ*2621359190~REF*TJ*262135919~LX*1~CLP*120500A131001*1*125*10*50*13*780261327711385   00**1~NM1*QC*1*RICKERT*SUSAN*M***MI*JGV3HZN04240760~NM1*IL*1*RICKERT*WILLIAM****MI*3HZN042407600~NM1*74*1*RICKERT*WILLIAM*L***C*3HZN042407600~NM1*82*2*M M WIESE WAIBEL LCSW*****XX*1902991391~DTM*050*20131003~DTM*232*20130930~DTM*233*20130930~PER*CX*ADVANTAGE EPO CAP*TE*8886662535~AMT*AU*60~AMT*T2*10~SVC*HC:99199*125*10**1*HC:90834~DTM*472*20130930~CAS*PR*3*50~CAS*CO*45*65~REF*6R*0~REF*HPI*1902991391~AMT*B6*60~CLP*119900A131001*1*125*45*15*13*780261327711383   00**1~NM1*QC*1*SOMERS*ELAINE****MI*YHQ3HZN03939260~NM1*IL*1*SOMERS*ROBERT****MI*3HZN039392600~NM1*82*2*M M WIESE WAIBEL LCSW*****XX*1902991391~DTM*050*20131003~DTM*232*20130927~DTM*233*20130927~PER*CX*HORIZON BLUE CROSS BLUE SHIELD OF NEW JERSEY DIRECT ACCESS*TE*8006241110~AMT*AU*60~AMT*T2*45~SVC*HC:99199*125*45**1*HC:90834~DTM*472*20130927~CAS*PR*3*15~CAS*CO*45*65~REF*6R*0~REF*HPI*1902991391~AMT*B6*60~SE*51*0002~ST*835*0003~BPR*I*52*C*CHK************20131009~TRN*1*0062472992*1220999690*8352013101103034222~REF*EV*1467635987~DTM*405*20131009~N1*PR*HORIZON BCBSNJ~N3*PAYOR ADDRESS 1~N4*NEWARK*NJ*071010420~REF*2U*22099~N1*PE*H K LOPES LPC*XX*1467635987~N3*77 N MAIN ST~N4*MILLTOWN*NJ*088501521~REF*PQ*4540820350~REF*TJ*454082035~LX*1~CLP*125400A131002*1*125*20*40*13*780261327821445   00**1~NM1*QC*1*SCHEAR*ROBERT****MI*YHO3HZN76960240~NM1*82*2*H K LOPES LPC*****XX*1467635987~DTM*050*20131004~DTM*232*20130914~DTM*233*20130914~PER*CX*HORIZON BLUE CROSS BLUE SHIELD OF NEW JERSEY DIRECT ACCESS*TE*8006241110~AMT*AU*60~AMT*T2*20~SVC*HC:99199*125*20**1*HC:90834~DTM*472*20130914~CAS*PR*3*40~CAS*CO*45*65~REF*6R*0~REF*HPI*1467635987~AMT*B6*60~CLP*75300A130910*1*150*32*40*13*780261327821447   00**1~NM1*QC*1*SCHEAR*ROBERT****MI*YHO3HZN76960240~NM1*82*2*H K LOPES LPC*****XX*1467635987~DTM*050*20131004~DTM*232*20130831~DTM*233*20130831~PER*CX*HORIZON BLUE CROSS BLUE SHIELD OF NEW JERSEY DIRECT ACCESS*TE*8006241110~AMT*AU*72~AMT*T2*32~SVC*HC:99199*150*32**1*HC:90791~DTM*472*20130831~CAS*PR*3*40~CAS*CO*45*78~REF*6R*0~REF*HPI*1467635987~AMT*B6*72~SE*48*0003~ST*835*0004~BPR*I*195*C*ACH*CCP*01*031100225*DA*2079950064280/*1220999690**01*021200339*DA*009446669199*20131009~TRN*1*0004350191*1220999690*8352013101102311984~REF*EV*1033218813~DTM*405*20131009~N1*PR*HORIZON BCBSNJ~N3*PAYOR ADDRESS 1~N4*NEWARK*NJ*071010420~REF*2U*22099~N1*PE*R T ARENA PHD*XX*1033218813~N3*49 MARKET ST~N4*SADDLE BROOK*NJ*076634849~REF*PQ*0533279390~REF*TJ*053327939~LX*1~CLP*757499634*1*150*140*10*12*780271327723586   00**1~NM1*QC*1*VASI*ANTONINO****MI*YLD89447370~NM1*82*2*R T ARENA PHD*****XX*1033218813~DTM*050*20131004~DTM*232*20130925~DTM*233*20130925~AMT*AU*150~AMT*T2*140~SVC*HC:99199*150*140**1*HC:90837~DTM*472*20130925~CAS*PR*3*10~REF*6R*230757499634~REF*HPI*1033218813~AMT*B6*150~CLP*757499626*1*200*55*40*13*780271327723378   00**1~NM1*QC*1*DEMPSEY*DONNA****MI*3HZN477885100~NM1*74*1*DEMPSEY*DONNA*M***C*YKQ3HZN47788510~NM1*82*2*R T ARENA PHD*****XX*1033218813~DTM*050*20131004~DTM*232*20130925~DTM*233*20130925~AMT*AU*95~AMT*T2*55~SVC*HC:99199*200*55**1*HC:90791~DTM*472*20130925~CAS*PR*3*40~CAS*CO*45*105~REF*6R*222757499626~REF*HPI*1033218813~AMT*B6*95~SE*46*0004~ST*835*0005~BPR*I*105*C*CHK************20131009~TRN*1*0062471373*1220999690*8352013101103034239~REF*EV*1477603942~DTM*405*20131009~N1*PR*HORIZON BCBSNJ~N3*PAYOR ADDRESS 1~N4*NEWARK*NJ*071010420~REF*2U*22099~N1*PE*K G WAY PHD*XX*1477603942~N3*38 JUNIPER LN~N4*PISCATAWAY*NJ*088545632~REF*PQ*2645237360~REF*TJ*264523736~LX*1~CLP*114500A130930*1*150*105*45*12*780261327600775   00**1~NM1*QC*1*AHAMMAD*NAUREEN****MI*DUG3HZN33652130~NM1*IL*1*AHAMMAD*MOHAMMED T.****MI*3HZN336521300~NM1*74*1*AHAMMAD*MOHAMMED*T***C*3HZN336521300~NM1*82*2*K G WAY PHD*****XX*1477603942~DTM*050*20131002~DTM*232*20130917~DTM*233*20130917~PER*CX*NATIONAL ACCOUNTS SERVICED IN MT.LAUREL*TE*8006244758~AMT*AU*150~AMT*T2*105~SVC*HC:99199*150*105**1*HC:90834~DTM*472*20130917~CAS*PR*2*45~REF*6R*0~REF*HPI*1477603942~AMT*B6*150~SE*33*0005~GE*5*157598863~IEA*1*157598863~
