ISA*00*          *00*          *ZZ*330897513      *ZZ*ASSOCIATEDBC   *131015*0107*^*00501*157668683*0*P*:~GS*HP*330897513*ASSOCIATEDBC*20131015*0107*157668683*X*005010X221A1~ST*835*0001~BPR*H*0*C*NON************20131011~TRN*1*8681328210899 20131010 0045251*1591031071~REF*EV*870426777~REF*F2*1~DTM*405*20131011~N1*PR*CIGNA HEALTH AND LIFE INSURANCE COMPANY~N3*P.O. BOX 182223~N4*CHATTANOOGA*TN*374227223~PER*BL*HP*EM*CLAIMS.INTAKE.APP.SUPPORT@HP.COM~PER*IC**UR*WWW.CIGNAFORHCP.COM~N1*PE*KAREN WAY PHD*XX*1477603942~N3*38 JUNIPER LN~N4*PISCATAWAY*NJ*088545632~REF*TJ*264523736~LX*1~CLP*130800A131007*4*150*0*150*13*8681328210899*11*1~NM1*QC*1*MORE*PROVIDENCE****MI*U3212939001~NM1*82*1*WAY*KAREN****FI*264523736~REF*1L*3208548~REF*CE*OPEN ACCESS PLUS IN-NETWORK~DTM*050*20131009~DTM*232*20130930~DTM*233*20130930~PER*CX*MEMBER SERVICES*TE*8002446224~SVC*HC:90834*150*0~CAS*PR*242*150~REF*6R*0~SE*29*0001~ST*835*0002~BPR*H*0*C*NON************20131011~TRN*1*8681328210846 20131010 0045250*1591031071~REF*EV*870426777~REF*F2*1~DTM*405*20131011~N1*PR*CIGNA HEALTH AND LIFE INSURANCE COMPANY~N3*P.O. BOX 182223~N4*CHATTANOOGA*TN*374227223~PER*BL*HP*EM*CLAIMS.INTAKE.APP.SUPPORT@HP.COM~PER*IC**UR*WWW.CIGNAFORHCP.COM~N1*PE*KAREN WAY PHD*XX*1477603942~N3*38 JUNIPER LN~N4*PISCATAWAY*NJ*088545632~REF*TJ*264523736~LX*1~CLP*128500A131007*4*150*0*150*13*8681328210846*11*1~NM1*QC*1*MORE*PROVIDENCE****MI*U3212939001~NM1*82*1*WAY*KAREN****FI*264523736~REF*1L*3208548~REF*CE*OPEN ACCESS PLUS IN-NETWORK~DTM*050*20131009~DTM*232*20130923~DTM*233*20130923~PER*CX*MEMBER SERVICES*TE*8002446224~SVC*HC:90834*150*0~CAS*PR*242*150~REF*6R*0~SE*29*0002~ST*835*0003~BPR*I*73.16*C*CHK************20131011~TRN*1*157673897*1680000001~DTM*405*20131011~N1*PR*ANTHEM BLUE CROSS AND BLUE SHIELDME~N3*2 GANNETT DRIVE~N4*SOUTH PORTLAND*ME*041060000~REF*2U*680~PER*BL*ANTHEM BLUE CROSS AND BLUE SHIELD*TE*8003348262~N1*PE*K  KINNEY*XX*1063567766~N3*191 VALLEY RD~N4*RAYMOND*ME*040716163~REF*TJ*141784965~LX*1~CLP*125700A131002*1*90*73.16**15*26132760209600680*11*1~NM1*QC*1*KNOWLTON*VANESSA****MI*680COHCOH84511586~NM1*IL*1*KNOWLTON*MICHAEL****MI*680COHCOH84511586~NM1*74*1******C*COH84511586~DTM*050*20131003~DTM*232*20130916~PER*CX*EDI HELPDESK*TE*8003348262~AMT*AU*73.16~SVC*HC:90834*90*73.16**1~DTM*472*20130916~CAS*CO*45*16.84~REF*6R*0~AMT*B6*73.16~SE*28*0003~ST*835*0004~BPR*I*198*C*CHK************20131011~TRN*1*2010049280*1061475928~REF*EV*AE02079C~DTM*405*20131011~N1*PR*ANTHEM BCBS OF CT~N3*370 BASSETT ROAD~N4*NORTH HAVEN*CT*064734201~PER*CX*EDI HELP DESK*TE*8003348262~PER*BL*EDI SOLUTIONS*TE*8003348262*EM*EDIHELPDESK-NE@WELLPOINT.COM~N1*PE*BEAZLEY JONATHAN C*XX*1619185469~N3*106 DOWD ST~N4*NEWINGTON*CT*061110000~REF*TJ*454403457~LX*1~CLP*122300A131002*1*150*99*15*12*P322824400*11*1~NM1*QC*1*BURKE*JOHN****MI*XGR0988M50427~NM1*82*1*BEAZLEY*JONATHAN****BS*300000504CT02~DTM*050*20131003~DTM*232*20130924~DTM*233*20130924~SVC*HC:90791*150*99~DTM*472*20130924~CAS*PR*3*15~CAS*CO*45*36~REF*6R*0~AMT*B6*114~LX*2~CLP*121200A131002*1*150*99*15*12*P322868500*11*1~NM1*QC*1*MURPHY*MICHAEL****MI*XGT0062M50383~NM1*IL*1*MURPHY*JENNIFER****MI*XGT0062M50383~NM1*82*1*BEAZLEY*JONATHAN****BS*300000504CT02~DTM*050*20131003~DTM*232*20130916~DTM*233*20130916~SVC*HC:90791*150*99~DTM*472*20130916~CAS*PR*3*15~CAS*CO*45*36~REF*6R*0~AMT*B6*114~SE*42*0004~ST*835*0005~BPR*I*54*C*CHK************20131011~TRN*1*2010049348*1061475928~REF*EV*AE02079C~DTM*405*20131011~N1*PR*ANTHEM BCBS OF CT~N3*370 BASSETT ROAD~N4*NORTH HAVEN*CT*064734201~PER*CX*EDI HELP DESK*TE*8003348262~PER*BL*EDI SOLUTIONS*TE*8003348262*EM*EDIHELPDESK-NE@WELLPOINT.COM~N1*PE*BEAZLEY JONATHAN C*XX*1619185469~N3*106 DOWD ST~N4*NEWINGTON*CT*061110000~REF*TJ*454403457~LX*1~CLP*122500A131002*1*100*54*25*12*P322868700*11*1~NM1*QC*1*OLEARY*DYLAN****MI*MTN 981661438~NM1*IL*1*OLEARY*PATRICK****MI*MTN 981661438~NM1*74*1******C*MTN981661438~NM1*82*1*BEAZLEY*JONATHAN****BS*410000631CT03~DTM*050*20131003~DTM*232*20130926~DTM*233*20130926~SVC*HC:90846*100*54~DTM*472*20130926~CAS*PR*3*25~CAS*CO*45*21~REF*6R*0~AMT*B6*79~SE*30*0005~GE*5*157668683~IEA*1*157668683~
