ISA*00*          *00*          *ZZ*330897513      *ZZ*ASSOCIATEDBC   *131015*0220*^*00501*157671627*0*P*:~GS*HP*330897513*ASSOCIATEDBC*20131015*0220*157671627*X*005010X221A1~ST*835*0001~BPR*I*63*C*CHK************20131015~TRN*1*09822-012176764*1066033492~REF*EV*330897513~DTM*405*20131015~N1*PR*AETNA~N3*151 FARMINGTON AVENUE~N4*HARTFORD*CT*06156~PER*BL*PROVIDER SERVICE~N1*PE*WAY, KAREN G*XX*1477603942~N3*38 JUNIPER LN~N4*PISCATAWAY*NJ*088545632~REF*PQ*043407810~REF*TJ*264523736~LX*1~TS3*1477603942*11*20131231*1*150~CLP*131900A131007*1*150*63*10*12*EDPA9LSRL0000*11*1~NM1*QC*1*DUNCAN*DONNA****MI*W164954152~NM1*82*1*WAY*KAREN*G***XX*1477603942~REF*1L*0475011-010-00062- A~DTM*050*20131008~DTM*232*20131002~DTM*233*20131002~PER*CX**TE*8886323862~AMT*AU*150~SVC*HC:90834*150*63**1~DTM*472*20131002~CAS*CO*45*77~CAS*PR*3*10~AMT*B6*73~SE*31*0001~ST*835*0002~BPR*I*247*C*CHK************20131015~TRN*1*08325-093862951*1066033492~REF*EV*330897513~DTM*405*20131015~N1*PR*AETNA~N3*151 FARMINGTON AVENUE~N4*HARTFORD*CT*06156~PER*BL*PROVIDER SERVICE~N1*PE*WAY, KAREN G*XX*1477603942~N3*38 JUNIPER LN~N4*PISCATAWAY*NJ*088545632~REF*PQ*043407810~REF*TJ*264523736~LX*1~TS3*1477603942*11*20131231*4*600~CLP*129000A131007*1*150*73**13*ECAA9M0MB0000*11*1~NM1*QC*1*MURRAY*JANET E.~NM1*IL*1*MURRAY*EDWARD****MI*W142719997~NM1*82*1*WAY*KAREN*G***XX*1477603942~REF*1L*0818702-013-00004-HF~DTM*050*20131008~DTM*232*20130924~DTM*233*20130924~PER*CX**TE*8886323862~AMT*AU*150~SVC*HC:90834*150*73**1~DTM*472*20130924~CAS*CO*45*77~AMT*B6*73~CLP*129600A131007*1*150*58*15*13*ECJK9MN2J0000*11*1~NM1*QC*1*HANNAN*KATHLEEN~NM1*IL*1*HANNAN*MARGARET****MI*W144529269~NM1*82*1*WAY*KAREN*G***XX*1477603942~REF*1L*0701087-022-00003-UA~DTM*050*20131008~DTM*232*20130925~DTM*233*20130925~PER*CX**TE*8886323862~AMT*AU*150~SVC*HC:90834*150*58**1~DTM*472*20130925~CAS*CO*45*77~CAS*PR*3*15~AMT*B6*73~CLP*132000A131007*1*150*58*15*13*EDYZ9LSR70000*11*1~NM1*QC*1*HANNAN*KATHLEEN~NM1*IL*1*HANNAN*MARGARET****MI*W144529269~NM1*82*1*WAY*KAREN*G***XX*1477603942~REF*1L*0701087-022-00003-UA~DTM*050*20131008~DTM*232*20131002~DTM*233*20131002~PER*CX**TE*8886323862~AMT*AU*150~SVC*HC:90834*150*58**1~DTM*472*20131002~CAS*CO*45*77~CAS*PR*3*15~AMT*B6*73~CLP*132100A131007*1*150*58*15*13*EFAA9M77Y0000*11*1~NM1*QC*1*HANNAN*MARGARET****MI*W144529269~NM1*82*1*WAY*KAREN*G***XX*1477603942~REF*1L*0701087-022-00003-UA~DTM*050*20131008~DTM*232*20131002~DTM*233*20131002~PER*CX**TE*8886323862~AMT*AU*150~SVC*HC:90834*150*58**1~DTM*472*20131002~CAS*CO*45*77~CAS*PR*3*15~AMT*B6*73~SE*75*0002~ST*835*0003~BPR*I*89.6*C*CHK************20131015~TRN*1*08325-093873277*1066033492~REF*EV*330897513~DTM*405*20131015~N1*PR*AETNA~N3*151 FARMINGTON AVENUE~N4*HARTFORD*CT*06156~PER*BL*PROVIDER SERVICE~N1*PE*BRATMAN, CYNTHIA*XX*1184788275~N3*20 NASSAU ST STE 209~N4*PRINCETON*NJ*085424509~REF*PQ*527610860~REF*TJ*200286572~LX*1~TS3*1184788275*11*20131231*1*175~CLP*759309788*1*175*89.6*85.4*13*ENYZ9L1SZ0000*11*1~NM1*QC*1*OLEWINSKY*DEBORAH****MI*W159888382~NM1*82*1*BRATMAN*CYNTHIA****XX*1184788275~REF*1L*0622709-010-00048- A~DTM*050*20131008~DTM*232*20130924~DTM*233*20130924~PER*CX**TE*8886323862~AMT*AU*175~SVC*HC:90834*175*89.6**1~DTM*472*20130924~CAS*PR*2*38.4**45*47~REF*6R*375759309788~AMT*B6*128~LQ*HE*N130~SE*32*0003~ST*835*0004~BPR*I*54*C*CHK************20131015~TRN*1*09822-012180468*1066033492~REF*EV*330897513~DTM*405*20131015~N1*PR*AETNA~N3*151 FARMINGTON AVENUE~N4*HARTFORD*CT*06156~PER*BL*PROVIDER SERVICE~N1*PE*SABO, MARCELLA M*XX*1740362268~N3*10 VISTA TER~N4*LIVINGSTON*NJ*070391915~REF*PQ*857664280~REF*TJ*222690143~LX*1~TS3*1740362268*11*20131231*1*125~CLP*759275475*1*125*54*6*13*ETAA83D7S0000*11*1~NM1*QC*1*KERR*PAMELA****MI*W077074818~NM1*82*1*SABO*MARCELLA*M***XX*1740362268~REF*1L*0818945-011-00100- C~DTM*050*20131008~DTM*232*20130930~DTM*233*20130930~PER*CX**TE*8886323862~AMT*AU*125~SVC*HC:90834*125*54**1~DTM*472*20130930~CAS*CO*45*65~CAS*PR*2*6~REF*6R*276759275475~AMT*B6*60~SE*32*0004~ST*835*0005~BPR*I*453.84*C*CHK************20131015~TRN*1*08608-033432652*1066033492~REF*EV*330897513~DTM*405*20131015~N1*PR*AETNA~N3*151 FARMINGTON AVENUE~N4*HARTFORD*CT*06156~PER*BL*PROVIDER SERVICE~N1*PE*SABO, MARCELLA M*XX*1740362268~N3*10 VISTA TER~N4*LIVINGSTON*NJ*070391915~REF*PQ*857664280~REF*TJ*222690143~LX*1~TS3*1740362268*11*20131231*5*1125~CLP*759275463*1*250*120**13*ERNP9LR5Q0000*11*1~NM1*QC*1*AZULAY*DAVID~NM1*IL*1*AZULAY*JILL****MI*W188015269~NM1*82*1*SABO*MARCELLA*M***XX*1740362268~REF*1L*0314808-020-00001- A~DTM*050*20131008~DTM*232*20130920~DTM*233*20130928~PER*CX**TE*8886323862~AMT*AU*250~SVC*HC:90834*125*60**1~DTM*472*20130920~CAS*CO*45*65~REF*6R*256759275463~AMT*B6*60~SVC*HC:90834*125*60**1~DTM*472*20130928~CAS*CO*45*65~REF*6R*257759275463~AMT*B6*60~CLP*759275464*1*125*60**13*ERWX9LR490000*11*1~NM1*QC*1*AZULAY*JILL****MI*W188015269~NM1*82*1*SABO*MARCELLA*M***XX*1740362268~REF*1L*0314808-020-00001- A~DTM*050*20131008~DTM*232*20131003~DTM*233*20131003~PER*CX**TE*8886323862~AMT*AU*125~SVC*HC:90834*125*60**1~DTM*472*20131003~CAS*CO*45*65~REF*6R*258759275464~AMT*B6*60~CLP*759275465*1*250*120**13*ESFA82RP00000*11*1~NM1*QC*1*AZULAY*RACHEL~NM1*IL*1*AZULAY*JILL****MI*W188015269~NM1*82*1*SABO*MARCELLA*M***XX*1740362268~REF*1L*0314808-020-00001- A~DTM*050*20131008~DTM*232*20130920~DTM*233*20130928~PER*CX**TE*8886323862~AMT*AU*250~SVC*HC:90834*125*60**1~DTM*472*20130920~CAS*CO*45*65~REF*6R*259759275465~AMT*B6*60~SVC*HC:90834*125*60**1~DTM*472*20130928~CAS*CO*45*65~REF*6R*260759275465~AMT*B6*60~CLP*759275467*1*250*113.84*6.16*13*ESPA81RR30000*11*1~NM1*QC*1*FILLER*LINDSAY****MI*W194323700~NM1*82*1*SABO*MARCELLA*M***XX*1740362268~REF*1L*0848021-010-00001- A~DTM*050*20131008~DTM*232*20130920~DTM*233*20130927~PER*CX**TE*8886323862~AMT*AU*250~SVC*HC:90834*125*53.84**1~DTM*472*20130920~CAS*CO*45*65~CAS*PR*1*6.16~REF*6R*263759275467~AMT*B6*60~SVC*HC:90834*125*60**1~DTM*472*20130927~CAS*CO*45*65~REF*6R*264759275467~AMT*B6*60~CLP*759275471*1*250*40*80*13*ESYZ82P260000*11*1~NM1*QC*1*GRUBER*JEFFREY~NM1*IL*1*GRUBER*GAIL****MI*W180077495~NM1*82*1*SABO*MARCELLA*M***XX*1740362268~REF*1L*0326321-018-00005-IZ~DTM*050*20131008~DTM*232*20130924~DTM*233*20131001~PER*CX**TE*8886323862~AMT*AU*250~SVC*HC:90834*125*20**1~DTM*472*20130924~CAS*CO*45*65~CAS*PR*3*40~REF*6R*268759275471~AMT*B6*60~SVC*HC:90834*125*20**1~DTM*472*20131001~CAS*CO*45*65~CAS*PR*3*40~REF*6R*269759275471~AMT*B6*60~SE*113*0005~ST*835*0006~BPR*I*40*C*ACH*CCP*01*011900445*DA*0000009046*1066033492**01*031201360*DA*7869322623*20131018~TRN*1*813287380001045*1066033492~REF*EV*330897513~DTM*405*20131015~N1*PR*AETNA~N3*151 FARMINGTON AVENUE~N4*HARTFORD*CT*06156~PER*BL*PROVIDER SERVICE~N1*PE*CENTER FOR PSYCHOLOGICAL SERVICES OF SOMERSET COUN*XX*1457686560~N3*491 AMWELL RD STE 103~N4*HILLSBOROUGH*NJ*088448212~REF*PQ*149850620~REF*TJ*263895688~LX*1~TS3*1457686560*11*20131231*1*175~CLP*0*1*175*40*20*13*EZAA8PCRY0000*11~NM1*QC*1*MINICHINI*BETHANY~NM1*IL*1*TUREK*JAMES****MI*W030497647~NM1*82*1*HURT*DEBBIE****XX*1275694077~REF*1L*0699826-015-00007-CA~DTM*050*20131008~DTM*232*20130720~DTM*233*20130720~PER*CX**TE*8886323862~AMT*AU*175~SVC*HC:90834*175*40**1~DTM*472*20130720~CAS*CO*45*115~CAS*PR*3*20~REF*6R*00000000001~AMT*B6*60~SE*33*0006~ST*835*0007~BPR*I*170*C*CHK************20131014~TRN*1*CC-31610119*1066033492~REF*EV*330897513~DTM*405*20131015~N1*PR*AETNA~N3*151 FARMINGTON AVENUE~N4*HARTFORD*CT*06156~PER*BL*PROVIDER SERVICE~N1*PE*LOPES, HEATHER*XX*1467635987~N3*77 N MAIN ST~N4*MILLTOWN*NJ*088501521~REF*PQ*703943580~REF*TJ*454082035~LX*1~TS3*1467635987*11*20131231*2*500~CLP*BBRHTTPA*1*375*120*60*13*1310031369760000*11~NM1*QC*1*MULE*STEPHANIE~NM1*IL*1*MULE*STEPHANE****MI*BBRHTTPA~NM1*74*1**STEPHANIE~NM1*82*2*LOPES, HEATHER*****XX*1467635987~REF*1L*397405-002~DTM*050*20131003~DTM*232*20130911~DTM*233*20130925~PER*CX**TE*8006240756~AMT*AU*375~SVC*HC:90834*125*40**1~DTM*472*20130911~CAS*CO*45*65~CAS*PR*3*20~REF*6R*00000000001~AMT*B6*60~SVC*HC:90834*125*40**1~DTM*472*20130918~CAS*CO*45*65~CAS*PR*3*20~REF*6R*00000000002~AMT*B6*60~SVC*HC:90834*125*40**1~DTM*472*20130925~CAS*CO*45*65~CAS*PR*3*20~REF*6R*00000000003~AMT*B6*60~CLP*BBP7G32A*1*125*50*10*HM*1310031369770000*11~NM1*QC*1*SORENSON*RYAN~NM1*IL*1*SORENSON*RYAN****MI*BBP7G32A~NM1*74*1*SORENSEN**S~NM1*82*2*LOPES, HEATHER*****XX*1467635987~REF*1L*382396-008~REF*CE*PATRIOT V FLX PLAN NET 01961~DTM*050*20131003~DTM*232*20130906~DTM*233*20130906~PER*CX**TE*8006240756~AMT*AU*125~SVC*HC:90834*125*50**1~DTM*472*20130906~CAS*CO*45*65~CAS*PR*3*10~REF*6R*00000000001~AMT*B6*60~SE*64*0007~GE*7*157671627~IEA*1*157671627~
