ISA*00*          *00*          *ZZ*330897513      *ZZ*ASSOCIATEDBC   *131015*1035*U*00401*157738742*0*P*:~GS*HP*330897513*ASSOCIATEDBC*20131015*1035*157738742*X*004010X091A1~ST*835*0001~BPR*I*49*C*CHK************20131011~TRN*1*157690648*1220999690*22099~DTM*405*20131011~N1*PR*HORIZON BCBSNJ~N3*3 PENN PLAZA~N4*NEWARK*NJ*071010420~REF*2U*22099~PER*CX**TE*8883349242~N1*PE*M M WIESE WAIBEL LCSW*XX*1902991391~N3*800 RARITAN RD~N4*CLARK*NJ*070661710~REF*TJ*262135919~LX*1~CLP*120400A131001*1*125*49*20*12*26132771094300780*11*1~NM1*QC*1*MULLIGAN*CHERYL****MI*R58027107~NM1*IL*1*MULLIGAN*THOMAS****MI*R58027107~DTM*050*20131003~DTM*232*20130930~AMT*AU*69~SVC*HC:90834*125*49**1~DTM*472*20130930~CAS*PR*2*20~CAS*CO*45*56~REF*6R*0~AMT*B6*69~PLB*1902991391*20131231*72:26132358452600780*-49*WO:26132358452600780*49~SE*28*0001~ST*835*0002~BPR*I*128.7*C*ACH*CCP*01*031100225*DA*2079950064280/*1220999690**01*021200025*DA*2000030280694*20131012~TRN*1*0004373692*1220999690*8352013101316290999~REF*EV*1598809212~DTM*405*20131012~N1*PR*HORIZON BCBSNJ~N3*PAYOR ADDRESS 1~N4*NEWARK*NJ*071010420~REF*2U*22099~N1*PE*W BENTON PHD*XX*1598809212~N3*PO BOX 3524~N4*UNION*NJ*070831896~REF*PQ*2083116130~REF*TJ*208311613~LX*1~CLP*757631682*1*175*65.7*7.3*13*780271327720896   00**1~NM1*QC*1*MCCOMBS*JEREMY****MI*NJX3HZN87377660~NM1*IL*1*MCCOMBS*ROSLYN****MI*3HZN873776600~NM1*74*1*MCCOMBS*ROSLYN*R***C*3HZN873776600~NM1*82*2*W  BENTON PHD*****XX*1598809212~DTM*050*20131004~DTM*232*20130928~DTM*233*20130928~PER*CX*NJ DIRECT*TE*8006241110~AMT*AU*73~AMT*T2*65.7~SVC*HC:90847*175*65.7**1~DTM*472*20130928~CAS*PR*2*7.3~CAS*CO*45*102~REF*6R*337757631682~REF*HPI*1598809212~AMT*B6*73~CLP*757631695*1*175*63*10*13*780261327864093   00**1~NM1*QC*1*TUITT*RONALD*S***MI*NJX3HZN10725950~NM1*82*2*W  BENTON PHD*****XX*1598809212~DTM*050*20131004~DTM*232*20130926~DTM*233*20130926~PER*CX*NJ DIRECT*TE*8006241110~AMT*AU*73~AMT*T2*63~SVC*HC:90847*175*63**1~DTM*472*20130926~CAS*PR*3*10~CAS*CO*45*102~REF*6R*353757631695~REF*HPI*1598809212~AMT*B6*73~SE*50*0002~ST*835*0003~BPR*H*0*C*NON************20131012~TRN*1*0015573376*1220999690*8352013101316280858~REF*EV*1902991391~DTM*405*20131012~N1*PR*HORIZON BCBSNJ~N3*PAYOR ADDRESS 1~N4*NEWARK*NJ*071010420~REF*2U*22099~N1*PE*M M WIESE WAIBEL LCSW*XX*1902991391~N3*800 RARITAN RD~N4*CLARK*NJ*070661710~REF*PQ*2621359190~REF*TJ*262135919~LX*1~CLP*106600A130924*2*125*12.62*10*13*780271328441520   00**1~NM1*QC*1*COSQUER*DOLORES****MI*3HZN22671350~NM1*82*2*M M WIESE WAIBEL LCSW*****XX*1902991391~DTM*050*20131011~DTM*232*20130918~DTM*233*20130918~PER*CX*NJ DIRECT*TE*8006241110~AMT*AU*63.79~AMT*T2*12.62~SVC*HC:99199*125*12.62**1*HC:90834~DTM*472*20130918~CAS*PR*3*10~CAS*OA*23*102.38~REF*6R*0~REF*HPI*1902991391~AMT*B6*63.79~PLB*1902991391*20131231*WO:98100A130918*12.62~SE*33*0003~ST*835*0004~BPR*I*30.16*C*CHK************20131012~TRN*1*0062520415*1220999690*8352013101317284197~REF*EV*1477603942~DTM*405*20131012~N1*PR*HORIZON BCBSNJ~N3*PAYOR ADDRESS 1~N4*NEWARK*NJ*071010420~REF*2U*22099~N1*PE*K G WAY PHD*XX*1477603942~N3*38 JUNIPER LN~N4*PISCATAWAY*NJ*088545632~REF*PQ*2645237360~REF*TJ*264523736~LX*1~CLP*104200A130923*1*150*30.16**15*780271328451394   00**1~NM1*QC*1*BERBAUM*JOANNE*I***MI*3HZN029957300~NM1*74*1*BERBAUM*JOANNE****C*3HZN02995730~NM1*82*2*K G WAY PHD*****XX*1477603942~DTM*050*20131011~DTM*232*20130913~DTM*233*20130913~PER*CX*MEDIGAP PLAN C 933*TE*8006241110~AMT*AU*85.05~AMT*T2*30.16~SVC*HC:99199*150*30.16**1*HC:90834~DTM*472*20130913~CAS*OA*23*119.84~REF*6R*0~REF*HPI*1477603942~AMT*B6*85.05~SE*32*0004~ST*835*0005~BPR*I*40*C*CHK************20131012~TRN*1*0062522477*1220999690*8352013101317284182~REF*EV*1467635987~DTM*405*20131012~N1*PR*HORIZON BCBSNJ~N3*PAYOR ADDRESS 1~N4*NEWARK*NJ*071010420~REF*2U*22099~N1*PE*H K LOPES LPC*XX*1467635987~N3*77 N MAIN ST~N4*MILLTOWN*NJ*088501521~REF*PQ*4540820350~REF*TJ*454082035~LX*1~CLP*YHM3HZN43256870*1*125*40*20*13*780271328213991   00**1~NM1*QC*1*REITER*AMANDA*E***MI*3HZN43256870~NM1*82*2*H K LOPES LPC*****XX*1467635987~DTM*050*20131007~DTM*232*20130903~DTM*233*20130903~PER*CX*HORIZON BLUE CROSS BLUE SHIELD OF NEW JERSEY DIRECT ACCESS*TE*8006241110~AMT*AU*60~AMT*T2*40~SVC*HC:99199*125*40**1*HC:90834~DTM*472*20130903~CAS*PR*3*20~CAS*CO*45*65~REF*6R*000001~REF*HPI*1467635987~AMT*B6*60~SE*32*0005~GE*5*157738742~IEA*1*157738742~
