ISA*00*          *00*          *ZZ*330897513      *ZZ*ASSOCIATEDBC   *131015*1035*^*00501*157738739*0*P*:~GS*HP*330897513*ASSOCIATEDBC*20131015*1035*157738739*X*005010X221A1~ST*835*0001~BPR*I*285.12*C*ACH*CCP*01*021200025*DA*2000012995156*1216000928*021200025*01*221283512*DA*95665700570381*20131018~TRN*1*3AG143847*1216000928*021200025~REF*EV*9904204~DTM*405*20131011~N1*PR*NEW JERSEY MEDICAID~N3*3705 QUAKERBRIDGE ROAD, SUITE 101~N4*TRENTON*NJ*086191288~PER*CX*NEW JERSEY MEDICAID PROVIDER SERVICES*TE*8007766334~PER*BL*NEW JERSEY EDI UNIT*TE*6095886051*EM*NJMMISEDI@MOLINAHEALTHCARE.COM*FX*6095848268~PER*IC**UR*WWW.NJMMIS.COM~N1*PE*WAY          KAREN      GPHD*XX*1477603942~REF*PQ*0225177~REF*TJ*008388097~LX*1~CLP*128900A131007*1*150*35.64**MC*201328154148501-0306*11*1~NM1*QC*1*DIX-MOON*KIMBERLI****MR*123035462701~DTM*232*20130924~DTM*233*20130924~AMT*AU*35.64~SVC*HC:90834*150*35.64**1**0~DTM*472*20130924~CAS*CO*45*114.36~REF*6R*0~AMT*B6*35.64~LQ*HE*MA80~CLP*129100A131007*1*150*35.64**MC*201328154148601*11*1~NM1*QC*1*TRANTAS  JR.*JOSEPH****MR*043025330602~DTM*232*20130924~DTM*233*20130924~AMT*AU*35.64~SVC*HC:90834*150*35.64**1**0~DTM*472*20130924~CAS*CO*45*114.36~REF*6R*0~AMT*B6*35.64~CLP*130000A131007*1*150*35.64**MC*201328154148602*11*1~NM1*QC*1*TRANTAS  JR.*JOSEPH****MR*043025330602~DTM*232*20130926~DTM*233*20130926~AMT*AU*35.64~SVC*HC:90834*150*35.64**1**0~DTM*472*20130926~CAS*CO*45*114.36~REF*6R*0~AMT*B6*35.64~CLP*130400A131007*1*150*35.64**MC*201328154148701-0306*11*1~NM1*QC*1*DIX-MOON*KIMBERLI****MR*123035462701~DTM*232*20130927~DTM*233*20130927~AMT*AU*35.64~SVC*HC:90834*150*35.64**1**0~DTM*472*20130927~CAS*CO*45*114.36~REF*6R*0~AMT*B6*35.64~LQ*HE*MA80~CLP*131600A131007*1*150*35.64**MC*201328154148901-0306*11*1~NM1*QC*1*DIX-MOON*KIMBERLI****MR*123035462701~DTM*232*20131001~DTM*233*20131001~AMT*AU*35.64~SVC*HC:90834*150*35.64**1**0~DTM*472*20131001~CAS*CO*45*114.36~REF*6R*0~AMT*B6*35.64~LQ*HE*MA80~CLP*131500A131007*1*150*35.64**MC*201328154148801*11*1~NM1*QC*1*TRANTAS  JR.*JOSEPH****MR*043025330602~DTM*232*20131001~DTM*233*20131001~AMT*AU*35.64~SVC*HC:90834*150*35.64**1**0~DTM*472*20131001~CAS*CO*45*114.36~REF*6R*0~AMT*B6*35.64~CLP*132300A131007*1*150*35.64**MC*201328154149001*11*1~NM1*QC*1*TRANTAS  JR.*JOSEPH****MR*043025330602~DTM*232*20131003~DTM*233*20131003~AMT*AU*35.64~SVC*HC:90834*150*35.64**1**0~DTM*472*20131003~CAS*CO*45*114.36~REF*6R*0~AMT*B6*35.64~CLP*132700A131007*1*150*35.64**MC*201328154149101-0306*11*1~NM1*QC*1*DIX-MOON*KIMBERLI****MR*123035462701~DTM*232*20131004~DTM*233*20131004~AMT*AU*35.64~SVC*HC:90834*150*35.64**1**0~DTM*472*20131004~CAS*CO*45*114.36~REF*6R*0~AMT*B6*35.64~LQ*HE*MA80~SE*100*0001~GE*1*157738739~IEA*1*157738739~
