ISA*00*          *00*          *ZZ*330897513      *ZZ*ASSOCIATEDBC   *131016*0739*U*00401*157889420*0*P*:~GS*HP*330897513*ASSOCIATEDBC*20131016*0739*157889420*X*004010X091A1~ST*835*0001~BPR*H*0*C*NON************20131017~TRN*1*1QG41870164*1411289245*000087726~DTM*405*20131011~N1*PR*UNITED HEALTHCARE INSURANCE COMPANY*XV*87726~N3*9900 BREN ROAD~N4*MINNETONKA*MN*553430000~REF*2U*87726~PER*CX*ATLANTA SERVICE CENTER*TE*8778423210~N1*PE*CENTER FOR PSYCHOLOGICAL SERVI*XX*1457686560~N3*491 AMWELL RD STE 103~N4*HILLSBOROUGH*NJ*088440000~REF*TJ*263895688~LX*1~TS3*1457686560*11*20131231*1*175~CLP*0*2*175*0*30.16*12*4294724843 0127409787*11~NM1*QC*1*OHOPPE*SUSAN*M~NM1*IL*1*OHOPPE*SUSAN*M***MI*957226036~NM1*74*1*OHOPPE*SUSAN~NM1*82*1*DEMARZO*LAURA****XX*1255372603~REF*1L*710711~REF*CE*OPT PPO~DTM*050*20131004~DTM*232*20130820~SVC*HC:90834*175*0**1~DTM*472*20130820~CAS*OA*23*144.84~CAS*PR*96*30.16~REF*6R*LX#01~LQ*HE*N536~SE*31*0001~ST*835*0002~BPR*I*135*C*CHK************20131015~TRN*1*PG08384312*1411289245*000087726~DTM*405*20131015~N1*PR*UNITED HEALTHCARE INSURANCE COMPANY*XV*87726~N3*GREENSBORO SERVICE CENTER*P.O. BOX 740800~N4*ATLANTA*GA*303740800~REF*2U*87726~PER*CX*GREENSBORO SERVICE CENTER*TE*8778423210~N1*PE*GREGORY CONSULTATION CENTER*XX*1740362268~N3*10 VISTA TER~N4*LIVINGSTON*NJ*070390000~REF*TJ*222690143~LX*1~TS3*1740362268*11*20131231*2*375~CLP*759275479*1*125*45*15*13*4298113197 0008833079*11~NM1*QC*1*MERANUS*LEONARD~NM1*IL*1*MERANUS*BARBARA****MI*818260015~NM1*74*1*MERANUS*BARBARA*R~REF*1L*708742~REF*CE*CHOYC+~DTM*050*20131008~DTM*232*20130922~AMT*AU*125~SVC*HC:90834*125*45**1~DTM*472*20130922~CAS*CO*45*65~CAS*PR*3*15~REF*6R*283759275479~AMT*B6*60~CLP*759275478*1*250*90*30*13*4298113198 0008833086*11~NM1*QC*1*MERANUS*BARBARA~NM1*IL*1*MERANUS*BARBARA****MI*818260015~NM1*74*1*MERANUS*BARBARA*R~REF*1L*708742~REF*CE*CHOYC+~DTM*050*20131008~DTM*232*20130918~DTM*233*20130925~AMT*AU*250~SVC*HC:90834*125*45**1~DTM*472*20130918~CAS*CO*45*65~CAS*PR*3*15~REF*6R*281759275478~AMT*B6*60~SVC*HC:90834*125*45**1~DTM*472*20130925~CAS*CO*45*65~CAS*PR*3*15~REF*6R*282759275478~AMT*B6*60~SE*53*0002~ST*835*0003~BPR*I*108*C*CHK************20131015~TRN*1*PH41568652*1411289245*000087726~DTM*405*20131015~N1*PR*UNITED HEALTHCARE INSURANCE COMPANY*XV*87726~N3*SPRINGFIELD SERVICE CENTER*P.O. BOX 740800~N4*ATLANTA*GA*303740800~REF*2U*87726~PER*CX*SPRINGFIELD SERVICE CENTER*TE*8778423210~N1*PE*GREGORY CONSULTATION CENTER*XX*1740362268~N3*10 VISTA TER~N4*LIVINGSTON*NJ*070390000~REF*TJ*222690143~LX*1~TS3*1740362268*11*20131231*1*250~CLP*759275466*1*250*108*12*13*4298113199 0051288677*11~NM1*QC*1*EISENSTEIN*ALAN~NM1*IL*1*EISENSTEIN*ALAN****MI*917029252~NM1*74*1*EISENSTEIN*ALAN*A~REF*1L*704203~REF*CE*CHOYC+~DTM*050*20131008~DTM*232*20130923~DTM*233*20131003~AMT*AU*250~SVC*HC:90834*125*54**1~DTM*472*20130923~CAS*CO*45*65~CAS*PR*2*6~REF*6R*261759275466~AMT*B6*60~SVC*HC:90834*125*54**1~DTM*472*20131003~CAS*CO*45*65~CAS*PR*2*6~REF*6R*262759275466~AMT*B6*60~SE*38*0003~ST*835*0004~BPR*H*0*C*NON************20131014~TRN*1*QK91539223*1411289245*000087726~REF*EV*200286572~DTM*405*20131014~N1*PR*UNITED HEALTHCARE INSURANCE COMPANY*XV*87726~N3*GREENSBORO SERVICE CENTER*P.O. BOX 740800~N4*ATLANTA*GA*303740800~REF*2U*87726~PER*CX*GREENSBORO SERVICE CENTER*TE*8778423210~N1*PE*CYNTHIA MARY BRATMAN*FI*200286572~N3*20 NASSAU ST STE 209~N4*PRINCETON*NJ*085420000~LX*1~TS3*200286572*11*20131231*1*175~CLP*701732612*1*175*0*175*13*4296720334 0031128731*11~NM1*QC*1*RHOAD*SARAH~NM1*IL*1*RHOAD*ROBERT****MI*140465980~NM1*74*1*RHOAD*ROBERT*D***C*816792566~REF*1L*718286~REF*CE*CHOYC+~DTM*050*20131007~DTM*232*20130924~AMT*AU*92.24~SVC*HC:90834*175*0**1~DTM*472*20130924~CAS*PR*1*92.24**45*82.76~REF*6R*001~AMT*B6*92.24~SE*30*0004~ST*835*0005~BPR*H*0*C*NON************20131014~TRN*1*QK91542140*1411289245*000087726~DTM*405*20131014~N1*PR*UNITED HEALTHCARE INSURANCE COMPANY*XV*87726~N3*GREENSBORO SERVICE CENTER*P.O. BOX 740800~N4*ATLANTA*GA*303740800~REF*2U*87726~PER*CX*GREENSBORO SERVICE CENTER*TE*8778423210~N1*PE*CYNTHIA MARY BRATMAN*XX*1184788275~N3*20 NASSAU ST STE 209~N4*PRINCETON*NJ*085420000~REF*TJ*200286572~LX*1~TS3*1184788275*11*20131231*2*1400~CLP*101732693*1*1225*0*1225*13*4296719839 0036832929*11~NM1*QC*1*FOLEY*ANNE~NM1*IL*1*FOLEY*TIMOTHY****MI*151546050~NM1*74*1*FOLEY*TIMOTHY*J***C*860925656~MOA***MA15~REF*1L*189416~REF*CE*CHOYC+~DTM*050*20131007~DTM*232*20130812~DTM*233*20130926~AMT*AU*1225~SVC*HC:90834*175*0**1~DTM*472*20130812~CAS*PR*100*105**2*70~REF*6R*001~AMT*B6*175~SVC*HC:90834*175*0**1~DTM*472*20130822~CAS*PR*100*105**2*70~REF*6R*002~AMT*B6*175~SVC*HC:90834*175*0**1~DTM*472*20130829~CAS*PR*100*105**2*70~REF*6R*003~AMT*B6*175~SVC*HC:90834*175*0**1~DTM*472*20130902~CAS*PR*100*105**2*70~REF*6R*004~AMT*B6*175~SVC*HC:90834*175*0**1~DTM*472*20130903~CAS*PR*100*105**2*70~REF*6R*005~AMT*B6*175~SVC*HC:90834*175*0**1~DTM*472*20130909~CAS*PR*100*105**2*70~REF*6R*006~AMT*B6*175~SVC*HC:90834*175*0**1~DTM*472*20130926~CAS*PR*100*105**2*70~REF*6R*007~AMT*B6*175~CLP*101732693*1*175*0*175*13*4296719839 0036832934*11~NM1*QC*1*FOLEY*ANNE~NM1*IL*1*FOLEY*TIMOTHY****MI*151546050~NM1*74*1*FOLEY*TIMOTHY*J***C*860925656~MOA***MA15~REF*1L*189416~REF*CE*CHOYC+~DTM*050*20131007~DTM*232*20131001~AMT*AU*175~SVC*HC:90834*175*0**1~DTM*472*20131001~CAS*PR*100*105**2*70~REF*6R*008~AMT*B6*175~SE*77*0005~GE*5*157889420~IEA*1*157889420~
