ISA*00*          *00*          *ZZ*330897513      *ZZ*ASSOCIATEDBC   *131016*2012*^*00501*158015508*0*P*:~GS*HP*330897513*ASSOCIATEDBC*20131016*2012*158015508*X*005010X221A1~ST*835*0001~BPR*I*1029.4*C*ACH*CCP*01*011900445*DA*0000009046*1066033492**01*031201360*DA*7869322623*20131021~TRN*1*813288540000259*1066033492~REF*EV*330897513~DTM*405*20131016~N1*PR*AETNA~N3*151 FARMINGTON AVENUE~N4*HARTFORD*CT*06156~PER*BL*PROVIDER SERVICE~N1*PE*CENTER FOR PSYCHOLOGICAL SERVICES OF SOMERSET COUN*XX*1457686560~N3*491 AMWELL RD STE 103~N4*HILLSBOROUGH*NJ*088448212~REF*PQ*149850620~REF*TJ*263895688~LX*1~TS3*1457686560*11*20131231*7*1800~CLP*0*1*175*58.4*14.6*13*ECAA9N2HY0000*11~NM1*QC*1*CRUZ*EDWIN~NM1*IL*1*CRUZ*EDWIN****MI*W460498888~NM1*82*1*DEMARZO*LAURA****XX*1255372603~REF*1L*0800100-017-00001-HH~DTM*050*20131009~DTM*232*20130926~DTM*233*20130926~PER*CX**TE*8886323862~AMT*AU*175~SVC*HC:90834*175*58.4**1~DTM*472*20130926~CAS*CO*45*102~CAS*PR*2*14.6~REF*6R*00000000001~AMT*B6*73~CLP*0*1*175*53*20*13*ECJK9NQY50000*11~NM1*QC*1*KOWALS*DONNA~NM1*IL*1*KOWALS*WILLIAM****MI*W142607390~NM1*82*1*DEMARZO*LAURA****XX*1255372603~REF*1L*0884166-050-00201-JA~DTM*050*20131009~DTM*232*20131003~DTM*233*20131003~PER*CX**TE*8886323862~AMT*AU*175~SVC*HC:90834*175*53**1~DTM*472*20131003~CAS*CO*45*102~CAS*PR*3*20~REF*6R*00000000001~AMT*B6*73~CLP*0*1*175*53*20*13*ER569QXLY0000*11~NM1*QC*1*BRACKEN*CHERYL~NM1*IL*1*BRACKEN*JOHN****MI*W160219241~NM1*82*1*DEMARZO*LAURA****XX*1255372603~REF*1L*0469701-010-00001-MB~DTM*050*20131014~DTM*232*20131008~DTM*233*20131008~PER*CX**TE*8886323862~AMT*AU*175~SVC*HC:90834*175*53**1~DTM*472*20131008~CAS*CO*45*102~CAS*PR*3*20~REF*6R*00000000001~AMT*B6*73~CLP*0*1*375*124*40*13*EVTV85MNS0000*11~NM1*QC*1*FALK*ANTOINETRE~NM1*IL*1*FALK*THEODORE****MI*VV198176390~NM1*74*1***C***C*W198176390~NM1*82*1*DEMARZO*LAURA****XX*1255372603~REF*1L*0698021-017-00001-AA~DTM*050*20131014~DTM*232*20130926~DTM*233*20131003~PER*CX**TE*8886323862~AMT*AU*375~SVC*HC:90791*200*71**1~DTM*472*20130926~CAS*CO*45*109~CAS*PR*3*20~REF*6R*00000000001~AMT*B6*91~SVC*HC:90834*175*53**1~DTM*472*20131003~CAS*CO*45*102~CAS*PR*3*20~REF*6R*00000000002~AMT*B6*73~CLP*CTRPSYCHSVCS*1*200*51*40*13*E2FA83T2X0000*11~NM1*QC*1*MCNELIS*SAUNDRA~NM1*IL*1*MCNELIS*SANDRA****MI*W178505093~NM1*82*1*DEMARZO*LAURA****XX*1255372603~REF*1L*0478865-010-00001- A~DTM*050*20131009~DTM*232*20130926~DTM*233*20130926~PER*CX**TE*8886323862~AMT*AU*200~SVC*HC:90791*200*51**1~DTM*472*20130926~CAS*CO*45*109~CAS*PR*3*40~REF*6R*00000000001~AMT*B6*91~CLP*0*1*525*129*90*13*E2PA82T4C0000*11~NM1*QC*1*BOROWSKI*ROBERT~NM1*IL*1*BOROWSKI*VIRNI****MI*W159995912~NM1*74*1**VIRNA*B~NM1*82*1*DEMARZO*LAURA****XX*1255372603~REF*1L*0622709-010-00048- A~DTM*050*20131009~DTM*232*20130927~DTM*233*20131004~PER*CX**TE*8886323862~AMT*AU*525~SVC*HC:90834*175*43**1~DTM*472*20130927~CAS*CO*45*102~CAS*PR*3*30~REF*6R*00000000001~AMT*B6*73~SVC*HC:90834*175*43**1~DTM*472*20131001~CAS*CO*45*102~CAS*PR*3*30~REF*6R*00000000002~AMT*B6*73~SVC*HC:90834*175*43**1~DTM*472*20131004~CAS*CO*45*102~CAS*PR*3*30~REF*6R*00000000003~AMT*B6*73~CLP*0*1*175*53*20*13*E2YZ823CQ0000*11~NM1*QC*1*BRACKEN*CHERYL~NM1*IL*1*BRACKEN*JOHN****MI*W160219241~NM1*82*1*DEMARZO*LAURA****XX*1255372603~REF*1L*0469701-010-00001-MB~DTM*050*20131009~DTM*232*20131001~DTM*233*20131001~PER*CX**TE*8886323862~AMT*AU*175~SVC*HC:90834*175*53**1~DTM*472*20131001~CAS*CO*45*102~CAS*PR*3*20~REF*6R*00000000001~AMT*B6*73~LX*2~TS3*1457686560*11*20131231*1*150~CLP*0*1*150*35*25*13*E4FA820KC0000*11~NM1*QC*1*AMPLO*HALEY~NM1*IL*1*AMPLO*ELIZABETH****MI*W151611838~NM1*82*1*MOTZ*JANMARIE****XX*1457686560~REF*1L*0619309-010-00001- A~DTM*050*20131009~DTM*232*20130930~DTM*233*20130930~PER*CX**TE*8886323862~AMT*AU*150~SVC*HC:90834*150*35**1~DTM*472*20130930~CAS*CO*45*90~CAS*PR*3*25~REF*6R*00000000001~AMT*B6*60~LX*3~TS3*1457686560*11*20131231*1*150~CLP*0*1*150*45*15*13*E4PA833NR0000*11~NM1*QC*1*GIRI*RIA~NM1*IL*1*BHATTACHARYYA*SUCHARITA****MI*W183770480~NM1*82*1*MULVANERTON*MAUREEN****XX*1750568705~REF*1L*0479265-018-00001- A~DTM*050*20131009~DTM*232*20130928~DTM*233*20130928~PER*CX**TE*8886323862~AMT*AU*150~SVC*HC:90834*150*45**1~DTM*472*20130928~CAS*CO*45*90~CAS*PR*3*15~REF*6R*00000000001~AMT*B6*60~LX*4~TS3*1457686560*11*20131231*7*1225~CLP*0*1*150*48*12*13*ESPA84N710000*11~NM1*QC*1*SCHERDER*CARRIE~NM1*IL*1*SCHERDER*TARA****MI*W014689537~NM1*82*1*RITTER*LINDA****XX*1144599416~REF*1L*0479265-012-00011-RF~DTM*050*20131014~DTM*232*20131007~DTM*233*20131007~PER*CX**TE*8886323862~AMT*AU*150~SVC*HC:90834*150*48**1~DTM*472*20131007~CAS*CO*45*90~CAS*PR*2*12~REF*6R*00000000001~AMT*B6*60~CLP*0*1*150*40*20*13*ESYZ85MS00000*11~NM1*QC*1*MUNDHENK*JEANNE~NM1*IL*1*MUNDHENK*JEANNE****MI*W179558789~NM1*82*1*RITTER*LINDA****XX*1144599416~REF*1L*0479237-032-00012- A~DTM*050*20131014~DTM*232*20131008~DTM*233*20131008~PER*CX**TE*8886323862~AMT*AU*150~SVC*HC:90834*150*40**1~DTM*472*20131008~CAS*CO*45*90~CAS*PR*3*20~REF*6R*00000000001~AMT*B6*60~CLP*0*1*150*54*6*13*ETAA86BYQ0000*11~NM1*QC*1*BURMAN*DIANE~NM1*IL*1*BURMAN*DAVID****MI*W461166667~NM1*82*1*RITTER*LINDA****XX*1144599416~REF*1L*0800215-018-00001- I~DTM*050*20131014~DTM*232*20131007~DTM*233*20131007~PER*CX**TE*8886323862~AMT*AU*150~SVC*HC:90834*150*54**1~DTM*472*20131007~CAS*CO*45*90~CAS*PR*2*6~REF*6R*00000000001~AMT*B6*60~CLP*0*1*150*40*20*13*ET3484N720000*11~NM1*QC*1*BRIGHT*CAROL~NM1*IL*1*BRIGHT*CAROL****MI*W198176939~NM1*82*1*RITTER*LINDA****XX*1144599416~REF*1L*0698021-017-00001-AA~DTM*050*20131014~DTM*232*20131007~DTM*233*20131007~PER*CX**TE*8886323862~AMT*AU*150~SVC*HC:90834*150*40**1~DTM*472*20131007~CAS*CO*45*90~CAS*PR*3*20~REF*6R*00000000001~AMT*B6*60~CLP*0*1*325*90*40*13*EZTV82K610000*11~NM1*QC*1*BRIGHT*CAROL~NM1*IL*1*BRIGHT*CAROL****MI*W198176939~NM1*82*1*RITTER*LINDA****XX*1144599416~REF*1L*0698021-017-00001-AA~DTM*050*20131007~DTM*232*20130920~DTM*233*20130923~PER*CX**TE*8886323862~AMT*AU*325~SVC*HC:90791*175*50**1~DTM*472*20130920~CAS*CO*45*105~CAS*PR*3*20~REF*6R*00000000001~AMT*B6*70~SVC*HC:90834*150*40**1~DTM*472*20130923~CAS*CO*45*90~CAS*PR*3*20~REF*6R*00000000002~AMT*B6*60~CLP*0*1*150*54*6*13*E4YZ820LC0000*11~NM1*QC*1*BURMAN*DIANE~NM1*IL*1*BURMAN*DAVID****MI*W461166667~NM1*82*1*RITTER*LINDA****XX*1144599416~REF*1L*0800215-018-00001- I~DTM*050*20131009~DTM*232*20130930~DTM*233*20130930~PER*CX**TE*8886323862~AMT*AU*150~SVC*HC:90834*150*54**1~DTM*472*20130930~CAS*CO*45*90~CAS*PR*2*6~REF*6R*00000000001~AMT*B6*60~CLP*0*1*150*48*12*13*E53483YRN0000*11~NM1*QC*1*SCHERDER*CARRIE~NM1*IL*1*SCHERDER*TARA****MI*W014689537~NM1*82*1*RITTER*LINDA****XX*1144599416~REF*1L*0479265-012-00011-RF~DTM*050*20131009~DTM*232*20130930~DTM*233*20130930~PER*CX**TE*8886323862~AMT*AU*150~SVC*HC:90834*150*48**1~DTM*472*20130930~CAS*CO*45*90~CAS*PR*2*12~REF*6R*00000000001~AMT*B6*60~LX*5~TS3*1457686560*11*20131231*1*175~CLP*0*1*175*54*6*13*ELYZ9Q31X0000*11~NM1*QC*1*BURMAN*DAVID~NM1*IL*1*BURMAN*DAVID****MI*W461166667~NM1*82*1*HURT*DEBBIE****XX*1275694077~REF*1L*0800215-018-00001- I~DTM*050*20131014~DTM*232*20131008~DTM*233*20131008~PER*CX**TE*8886323862~AMT*AU*175~SVC*HC:90834*175*54**1~DTM*472*20131008~CAS*CO*45*115~CAS*PR*2*6~REF*6R*00000000001~AMT*B6*60~SE*323*0001~ST*835*0002~BPR*I*356*C*ACH*CCP*01*031100209*DA*0000009108*1066033492**01*031201360*DA*7869322623*20131021~TRN*1*813288480000279*1066033492~REF*EV*330897513~DTM*405*20131016~N1*PR*AETNA~N3*151 FARMINGTON AVENUE~N4*HARTFORD*CT*06156~PER*BL*PROVIDER SERVICE~N1*PE*CENTER FOR PSYCHOLOGICAL SERVICES OF SOMERSET COUN*XX*1457686560~N3*491 AMWELL RD STE 103~N4*HILLSBOROUGH*NJ*088448212~REF*PQ*149850620~REF*TJ*263895688~LX*1~TS3*1457686560*11*20131231*2*350~CLP*0*1*175*73**13*ERFA9QY4V0000*11~NM1*QC*1*FRANK*JULIE~NM1*IL*1*FRANK*JULIE****MI*BBTC0TTA~NM1*74*1******C*W201436519~NM1*82*1*DEMARZO*LAURA****XX*1255372603~REF*1L*0837222-017-00003-GA~DTM*050*20131014~DTM*232*20131009~DTM*233*20131009~PER*CX**TE*8886323862~AMT*AU*175~SVC*HC:90834*175*73**1~DTM*472*20131009~CAS*CO*45*102~REF*6R*00000000001~AMT*B6*73~CLP*0*1*175*33*40*13*ERNP9PQ6Z0000*11~NM1*QC*1*GLICKLIN*LEEANN~NM1*IL*1*GLICKLIN*BRIAN****MI*W191820838~NM1*82*1*DEMARZO*LAURA****XX*1255372603~REF*1L*0512579-011-00002- C~DTM*050*20131014~DTM*232*20131007~DTM*233*20131007~PER*CX**TE*8886323862~AMT*AU*175~SVC*HC:90834*175*33**1~DTM*472*20131007~CAS*CO*45*102~CAS*PR*3*40~REF*6R*00000000001~AMT*B6*73~LX*2~TS3*1457686560*11*20131231*1*150~CLP*0*1*150*60*20*14*E3TV820JW0000*11~NM1*QC*1*LIPPE*SAMANTHA~NM1*IL*1*LIPPE*ALEX****MI*W165150040~NM1*74*1**ALEX B.~NM1*82*1*MOTZ*JANMARIE****XX*1457686560~REF*1L*0702711-010-00009- Q~DTM*050*20131009~DTM*232*20130930~DTM*233*20130930~PER*CX**TE*8886323862~AMT*AU*150~SVC*HC:90834*150*60**1~DTM*472*20130930~CAS*CO*45*70~CAS*PR*3*20~REF*6R*00000000001~AMT*B6*80~LX*3~TS3*1457686560*11*20131231*3*450~CLP*0*1*150*60**13*ENYZ9P7320000*11~NM1*QC*1*MORY*DAVID~NM1*IL*1*MORY*DIANE****MI*W187130803~NM1*82*1*RITTER*LINDA****XX*1144599416~REF*1L*0307281-011-00001-AA~DTM*050*20131014~DTM*232*20131004~DTM*233*20131004~PER*CX**TE*8886323862~AMT*AU*150~SVC*HC:90834*150*60**1~DTM*472*20131004~CAS*CO*45*90~REF*6R*00000000001~AMT*B6*60~CLP*0*1*150*60**13*EYPA82VH40000*11~NM1*QC*1*MORY*DAVID~NM1*IL*1*MORY*DIANE****MI*W187130803~NM1*82*1*RITTER*LINDA****XX*1144599416~REF*1L*0307281-011-00001-AA~DTM*050*20131009~DTM*232*20130927~DTM*233*20130927~PER*CX**TE*8886323862~AMT*AU*150~SVC*HC:90834*150*60**1~DTM*472*20130927~CAS*CO*45*90~REF*6R*00000000001~AMT*B6*60~CLP*0*1*150*10*50*HM*EYYZ82VHX0000*11~NM1*QC*1*YOUNGBERG*KENT~NM1*IL*1*YOUNGBERG*KENT****MI*BBP6SF4A~NM1*74*1***J***C*W157850977~NM1*82*1*RITTER*LINDA****XX*1144599416~REF*1L*0790671-015-00000- E~DTM*050*20131009~DTM*232*20130928~DTM*233*20130928~PER*CX**TE*8886323862~AMT*AU*150~SVC*HC:90834*150*10**1~DTM*472*20130928~CAS*CO*45*90~CAS*PR*3*50~REF*6R*00000000001~AMT*B6*60~LX*4~TS3*1457686560*11*20131231*1*175~CLP*0*1*175*60**HM*EKTV9Q91S0000*11~NM1*QC*1*OMILIAN*CYNDI~NM1*IL*1*OMILIAN*CYNDI****MI*W200901252~NM1*74*1**FRANK*A**IV~NM1*82*1*HURT*DEBBIE****XX*1275694077~REF*1L*0582366-035-00000- A~DTM*050*20131014~DTM*232*20131002~DTM*233*20131002~PER*CX**TE*8886323862~AMT*AU*175~SVC*HC:90834*175*60**1~DTM*472*20131002~CAS*CO*45*115~REF*6R*00000000001~AMT*B6*60~SE*135*0002~ST*835*0003~BPR*I*45*C*ACH*CCP*01*011900445*DA*0000009046*1066033492**01*021200025*DA*2000030280694*20131021~TRN*1*813288450000624*1066033492~REF*EV*330897513~DTM*405*20131016~N1*PR*AETNA~N3*151 FARMINGTON AVENUE~N4*HARTFORD*CT*06156~PER*BL*PROVIDER SERVICE~N1*PE*BENTON, WAYMON*XX*1598809212~N3*PO BOX 3524~N4*UNION*NJ*070831896~REF*PQ*536778860~REF*TJ*208311613~LX*1~TS3*1598809212*11*20131231*2*815~CLP*760912927*1*175*45*15*13*EBYZ9P4C50000*11*1~NM1*QC*1*DAVIS*STEVEN****MI*W191599260~NM1*74*1**EDNA*M~NM1*82*1*BENTON*WAYMON****XX*1598809212~REF*1L*0307255-010-00002- A~DTM*050*20131011~DTM*232*20130824~DTM*233*20130824~PER*CX**TE*8886323862~AMT*AU*175~SVC*HC:90847*175*45**1~DTM*472*20130824~CAS*CO*45*115~CAS*PR*3*15~REF*6R*206760912927~AMT*B6*60~CLP*759831868*1*640*0*180*13*E53483JHT0000*11*1~NM1*QC*1*HUNT*GRETCHEN****MI*W187229984~NM1*82*1*BENTON*WAYMON****XX*1598809212~REF*1L*0836414-015-00001- F~DTM*050*20131009~DTM*232*20130117~DTM*233*20130914~PER*CX**TE*8886323862~AMT*AU*640~SVC*HC:90834*160*0**0**1~DTM*472*20130117~CAS*CO*29*160*1~REF*6R*297759831868~AMT*B6*60~SVC*HC:90834*160*0**1~DTM*472*20130523~CAS*CO*45*100~CAS*PR*1*60~REF*6R*298759831868~AMT*B6*60~SVC*HC:90834*160*0**1~DTM*472*20130608~CAS*CO*45*100~CAS*PR*1*60~REF*6R*299759831868~AMT*B6*60~SVC*HC:90834*160*0**1~DTM*472*20130914~CAS*CO*45*100~CAS*PR*1*60~REF*6R*300759831868~AMT*B6*60~SE*65*0003~GE*3*158015508~IEA*1*158015508~
