ISA*00*          *00*          *ZZ*330897513      *ZZ*ASSOCIATEDBC   *131017*0327*^*00501*158042602*0*P*:~GS*HP*330897513*ASSOCIATEDBC*20131017*0327*158042602*X*005010X221A1~ST*835*0001~BPR*I*41.16*C*ACH*CCP*01*081517693*DA*152302017073*1205296137**01*221272303*DA*3010001018*20131015~TRN*1*886028546*1205296137~REF*EV*1929361~DTM*405*20131011~N1*PR*NOVITAS SOLUTIONS, INC.~N3*PO BOX 3031~N4*MECHANICSBURG*PA*170551803~REF*2U*12402~PER*CX**TE*8772358073~PER*BL*NOVITAS SOLUTIONS, INC. EDI SERVICES*TE*8772358073*EX*1*EM*WEBSITEEDI@NOVITAS_SOLUTIONS.COM~N1*PE*MAUREEN J. HUDAK  CP*XX*1013063346~N3*SUITE 2A*47 RARITAN AVE~N4*HIGHLAND PARK*NJ*089042440~REF*TJ*142460069~LX*1~CLP*157489157 A*2*150*41.16**MB*0713256002640*11~NM1*QC*1*CORCORAN*ROSEANN****HN*157489157A~MOA***MA01~DTM*050*20130913~SVC*HC:90834*150*41.16**1~DTM*472*20130809~CAS*CO*223*0.84~CAS*OA*23*108**23*-14~CAS*PR*2*14~REF*6R*LX#01~REF*LU*11~AMT*B6*86.17~SE*29*0001~ST*835*0002~BPR*I*41.17*C*ACH*CCP*01*081517693*DA*152302017073*1205296137**01*221271935*DA*023856318*20131015~TRN*1*886023864*1205296137~REF*EV*1929361~DTM*405*20131011~N1*PR*NOVITAS SOLUTIONS, INC.~N3*PO BOX 3031~N4*MECHANICSBURG*PA*170551803~REF*2U*12402~PER*CX**TE*8772358073~PER*BL*NOVITAS SOLUTIONS, INC. EDI SERVICES*TE*8772358073*EX*1*EM*WEBSITEEDI@NOVITAS_SOLUTIONS.COM~N1*PE*NANCY J. SAXTON LOPEZ  CSW*XX*1053490193~N3*SUITE 3C*6 PROSPECT STREET~N4*MIDLAND PARK*NJ*074321634~REF*TJ*096386775~LX*1~CLP*NANCY SAXT0*19*125*41.17*22.62*MB*0813256151380*11~NM1*QC*1*KASPAR*TAMARA****HN*213561240A~NM1*TT*2*UNITEDHEALTH GROUP*****PI*30002~MOA***MA01*MA18~DTM*050*20130913~SVC*HC:90834*125*41.17**1~DTM*472*20130711~CAS*CO*45*60.37**223*0.84~CAS*PR*2*10.5**122*12.12~REF*6R*LX#01~REF*LU*11~AMT*B6*64.63~SE*29*0002~ST*835*0003~BPR*I*205.86*C*ACH*CCP*01*081517693*DA*152302017073*1205296137**01*021200339*DA*009001064684*20131015~TRN*1*886024700*1205296137~REF*EV*1929361~DTM*405*20131011~N1*PR*NOVITAS SOLUTIONS, INC.~N3*PO BOX 3031~N4*MECHANICSBURG*PA*170551803~REF*2U*12402~PER*CX**TE*8772358073~PER*BL*NOVITAS SOLUTIONS, INC. EDI SERVICES*TE*8772358073*EX*1*EM*WEBSITEEDI@NOVITAS_SOLUTIONS.COM~N1*PE*EUNICE P. EUROPA*XX*1205985884~N3*28 MORRIS ROAD~N4*TENAFLY*NJ*076702427~REF*TJ*141305923~LX*1~CLP*092368750M*19*150*41.17*22.62*MB*0813256151680*11~NM1*QC*1*FOX*LINDA****HN*092368750M~NM1*TT*2*NJ DEPT. OF HUMAN SERVICES*****PI*70079~MOA***MA01*MA07~DTM*050*20130913~SVC*HC:90834*150*41.17**1~DTM*472*20130828~CAS*CO*45*85.37**223*0.84~CAS*PR*2*10.5**122*12.12~REF*6R*LX#01~REF*LU*11~AMT*B6*64.63~CLP*155324974A*1*300*82.34*45.24*MB*0813256151350*11~NM1*QC*1*GOODNOUGH*SUSAN****HN*155324974A~MOA***MA01~DTM*050*20130913~AMT*I*0.01~SVC*HC:90834*150*41.17**1~DTM*472*20130827~CAS*CO*45*85.37**223*0.84~CAS*PR*2*10.5**122*12.12~REF*6R*LX#01~REF*LU*11~AMT*B6*64.63~SVC*HC:90834*150*41.17**1~DTM*472*20130828~CAS*CO*45*85.37**223*0.84~CAS*PR*2*10.5**122*12.12~REF*6R*LX#02~REF*LU*11~AMT*B6*64.63~CLP*156303340A*1*125*41.17*22.62*MB*0813256151670*11~NM1*QC*1*ST JOHN*CAROL*C***HN*156303340A~MOA***MA01~DTM*050*20130913~SVC*HC:90834*125*41.17**1~DTM*472*20130827~CAS*CO*45*60.37**223*0.84~CAS*PR*2*10.5**122*12.12~REF*6R*LX#01~REF*LU*11~AMT*B6*64.63~CLP*153522271A*1*150*41.17*22.62*MB*0813256151690*11~NM1*QC*1*WINE*DONNA****HN*153522271A~MOA***MA01~DTM*050*20130913~SVC*HC:90834*150*41.17**1~DTM*472*20130828~CAS*CO*45*85.37**223*0.84~CAS*PR*2*10.5**122*12.12~REF*6R*LX#01~REF*LU*11~AMT*B6*64.63~PLB*1205985884*20131231*L6*-0.01~SE*71*0003~ST*835*0004~BPR*I*384.27*C*ACH*CCP*01*081517693*DA*152302017073*1205296137**01*021200339*DA*000023232862*20131015~TRN*1*886028401*1205296137~REF*EV*1929361~DTM*405*20131011~N1*PR*NOVITAS SOLUTIONS, INC.~N3*PO BOX 3031~N4*MECHANICSBURG*PA*170551803~REF*2U*12402~PER*CX**TE*8772358073~PER*BL*NOVITAS SOLUTIONS, INC. EDI SERVICES*TE*8772358073*EX*1*EM*WEBSITEEDI@NOVITAS_SOLUTIONS.COM~N1*PE*OWEN K. ISAACS III*XX*1235293879~N3*SUITE 201*29 CLYDE ROAD~N4*SOMERSET*NJ*088735040~REF*TJ*153327013~LX*1~CLP*0WEN K 1SAACS*1*450.03*164.67*90.48*MB*0813256151410*11~NM1*QC*1*ALEVRITIS*DORINDA****HN*152643242A~MOA***MA01~DTM*050*20130913~AMT*I*0.02~SVC*HC:1038F*0.01*0~DTM*472*20130813~CAS*CO*96*0.01~REF*6R*LX#01~REF*LU*11~LQ*HE*N365~SVC*HC:G8127*0.01*0~DTM*472*20130813~CAS*CO*96*0.01~REF*6R*LX#02~REF*LU*11~LQ*HE*N365~SVC*HC:G8933*0.01*0~DTM*472*20130813~CAS*CO*96*0.01~REF*6R*LX#03~REF*LU*11~LQ*HE*N365~SVC*HC:90834*150*54.89**1~DTM*472*20130813~CAS*CO*45*63.83**223*1.12~CAS*PR*2*14**122*16.16~REF*6R*LX#04~REF*LU*11~AMT*B6*86.17~SVC*HC:90834*150*54.89**1~DTM*472*20130820~CAS*CO*45*63.83**223*1.12~CAS*PR*2*14**122*16.16~REF*6R*LX#05~REF*LU*11~AMT*B6*86.17~SVC*HC:90834*150*54.89**1~DTM*472*20130827~CAS*CO*45*63.83**223*1.12~CAS*PR*2*14**122*16.16~REF*6R*LX#06~REF*LU*11~AMT*B6*86.17~CLP*0*19*300.03*109.78*60.32*MB*0813256151400*11~NM1*QC*1*GONZALES*EVELYN****HN*264745303A~NM1*TT*2*MUTUAL OF OMAHA INSURANCE COMP*****PI*30090~MOA***MA01*MA18~DTM*050*20130913~AMT*I*0.01~SVC*HC:1036F*0.01*0~DTM*472*20130813~CAS*CO*96*0.01~REF*6R*LX#01~REF*LU*11~LQ*HE*N365~SVC*HC:G8933*0.01*0~DTM*472*20130813~CAS*CO*96*0.01~REF*6R*LX#02~REF*LU*11~LQ*HE*N365~SVC*HC:G8933*0.01*0~DTM*472*20130813~CAS*CO*96*0.01~REF*6R*LX#03~REF*LU*11~LQ*HE*N365~SVC*HC:90834*150*54.89**1~DTM*472*20130813~CAS*CO*45*63.83**223*1.12~CAS*PR*2*14**122*16.16~REF*6R*LX#04~REF*LU*11~AMT*B6*86.17~SVC*HC:90834*150*54.89**1~DTM*472*20130827~CAS*CO*45*63.83**223*1.12~CAS*PR*2*14**122*16.16~REF*6R*LX#05~REF*LU*11~AMT*B6*86.17~CLP*0*1*300.03*109.78*60.32*MB*0813256151420*11~NM1*QC*1*SHANAHAN*COLIN*F***HN*151540846A~MOA***MA01~DTM*050*20130913~AMT*I*0.01~SVC*HC:1036F*0.01*0~DTM*472*20130814~CAS*CO*96*0.01~REF*6R*LX#01~REF*LU*11~LQ*HE*N365~SVC*HC:G8127*0.01*0~DTM*472*20130814~CAS*CO*96*0.01~REF*6R*LX#02~REF*LU*11~LQ*HE*N365~SVC*HC:G8933*0.01*0~DTM*472*20130814~CAS*CO*96*0.01~REF*6R*LX#03~REF*LU*11~LQ*HE*N365~SVC*HC:90834*150*54.89**1~DTM*472*20130814~CAS*CO*45*63.83**223*1.12~CAS*PR*2*14**122*16.16~REF*6R*LX#04~REF*LU*11~AMT*B6*86.17~SVC*HC:90834*150*54.89**1~DTM*472*20130821~CAS*CO*45*63.83**223*1.12~CAS*PR*2*14**122*16.16~REF*6R*LX#05~REF*LU*11~AMT*B6*86.17~PLB*1235293879*20131231*L6*-0.04~SE*137*0004~ST*835*0005~BPR*I*878.3*C*ACH*CCP*01*081517693*DA*152302017073*1205296137**01*221283512*DA*95665700570381*20131015~TRN*1*886028214*1205296137~REF*EV*1929361~DTM*405*20131011~N1*PR*NOVITAS SOLUTIONS, INC.~N3*PO BOX 3031~N4*MECHANICSBURG*PA*170551803~REF*2U*12402~PER*CX**TE*8772358073~PER*BL*NOVITAS SOLUTIONS, INC. EDI SERVICES*TE*8772358073*EX*1*EM*WEBSITEEDI@NOVITAS_SOLUTIONS.COM~N1*PE*KAREN G. WAY*XX*1477603942~N3*38 JUNIPER LANE~N4*PISCATAWAY*NJ*088545632~REF*TJ*264523736~LX*1~CLP*088460853 A*19*750*274.45*150.8*MB*0813256151450*11~NM1*QC*1*ARON*JOANNA*D***HN*088460853A~NM1*TT*2*GHI PPO*****PI*00035~MOA***MA01*MA18~DTM*050*20130913~AMT*I*0.03~SVC*HC:90834*150*54.89**1~DTM*472*20130715~CAS*CO*45*63.83**223*1.12~CAS*PR*2*14**122*16.16~REF*6R*LX#01~REF*LU*11~AMT*B6*86.17~SVC*HC:90834*150*54.89**1~DTM*472*20130717~CAS*CO*45*63.83**223*1.12~CAS*PR*2*14**122*16.16~REF*6R*LX#02~REF*LU*11~AMT*B6*86.17~SVC*HC:90834*150*54.89**1~DTM*472*20130719~CAS*CO*45*63.83**223*1.12~CAS*PR*2*14**122*16.16~REF*6R*LX#03~REF*LU*11~AMT*B6*86.17~SVC*HC:90834*150*54.89**1~DTM*472*20130729~CAS*CO*45*63.83**223*1.12~CAS*PR*2*14**122*16.16~REF*6R*LX#04~REF*LU*11~AMT*B6*86.17~SVC*HC:90834*150*54.89**1~DTM*472*20130731~CAS*CO*45*63.83**223*1.12~CAS*PR*2*14**122*16.16~REF*6R*LX#05~REF*LU*11~AMT*B6*86.17~CLP*114100A130930*19*150*54.89*30.16*MB*0913274461470*11*1~NM1*QC*1*ARON*JOANNA****HN*088460853A~NM1*TT*2*GHI PPO*****PI*00035~MOA***MA01*MA18~DTM*050*20131001~SVC*HC:90834*150*54.89**1~DTM*472*20130916~CAS*CO*45*63.83**223*1.12~CAS*PR*2*14**122*16.16~REF*6R*0~REF*LU*11~AMT*B6*86.17~CLP*114700A130930*19*150*54.89*30.16*MB*0913274461500*11*1~NM1*QC*1*ARON*JOANNA****HN*088460853A~NM1*TT*2*GHI PPO*****PI*00035~MOA***MA01*MA18~DTM*050*20131001~SVC*HC:90834*150*54.89**1~DTM*472*20130918~CAS*CO*45*63.83**223*1.12~CAS*PR*2*14**122*16.16~REF*6R*0~REF*LU*11~AMT*B6*86.17~CLP*115400A130930*19*150*54.89*30.16*MB*0913274461520*11*1~NM1*QC*1*ARON*JOANNA****HN*088460853A~NM1*TT*2*GHI PPO*****PI*00035~MOA***MA01*MA18~DTM*050*20131001~SVC*HC:90834*150*54.89**1~DTM*472*20130920~CAS*CO*45*63.83**223*1.12~CAS*PR*2*14**122*16.16~REF*6R*0~REF*LU*11~AMT*B6*86.17~CLP*152423142W*19*150*54.89*30.16*MB*0813256151430*11~NM1*QC*1*BERBAUM*JOANNE*I***HN*152423142W~NM1*TT*2*HORIZON BCBS OF NEW JERSEY*****PI*30013~MOA***MA01*MA18~DTM*050*20130913~AMT*I*0.01~SVC*HC:90834*150*54.89**1~DTM*472*20130719~CAS*CO*45*63.83**223*1.12~CAS*PR*2*14**122*16.16~REF*6R*LX#01~REF*LU*11~AMT*B6*86.17~CLP*115500A130930*19*150*54.89*30.16*MB*0913274461530*11*1~NM1*QC*1*BERBAUM*JOANNE I.****HN*152423142W~NM1*TT*2*HORIZON BCBS OF NEW JERSEY*****PI*30013~MOA***MA01*MA18~DTM*050*20131001~SVC*HC:90834*150*54.89**1~DTM*472*20130920~CAS*CO*45*63.83**223*1.12~CAS*PR*2*14**122*16.16~REF*6R*0~REF*LU*11~AMT*B6*86.17~CLP*140784147 A*1*450*164.67*90.48*MB*0813256151440*11~NM1*QC*1*FOSTER*KELLY****HN*140784147A~MOA***MA01~DTM*050*20130913~AMT*I*0.02~SVC*HC:90834*150*54.89**1~DTM*472*20130716~CAS*CO*45*63.83**223*1.12~CAS*PR*2*14**122*16.16~REF*6R*LX#01~REF*LU*11~AMT*B6*86.17~SVC*HC:90834*150*54.89**1~DTM*472*20130718~CAS*CO*45*63.83**223*1.12~CAS*PR*2*14**122*16.16~REF*6R*LX#02~REF*LU*11~AMT*B6*86.17~SVC*HC:90834*150*54.89**1~DTM*472*20130730~CAS*CO*45*63.83**223*1.12~CAS*PR*2*14**122*16.16~REF*6R*LX#03~REF*LU*11~AMT*B6*86.17~CLP*114200A130930*1*150*54.89*30.16*MB*0913274461480*11*1~NM1*QC*1*FOSTER*KELLY****HN*140784147A~MOA***MA01~DTM*050*20131001~SVC*HC:90834*150*54.89**1~DTM*472*20130917~CAS*CO*45*63.83**223*1.12~CAS*PR*2*14**122*16.16~REF*6R*0~REF*LU*11~AMT*B6*86.17~CLP*115600A130930*1*150*54.89*30.16*MB*0913274461540*11*1~NM1*QC*1*FOSTER*KELLY****HN*140784147A~MOA***MA01~DTM*050*20131001~SVC*HC:90834*150*54.89**1~DTM*472*20130920~CAS*CO*45*63.83**223*1.12~CAS*PR*2*14**122*16.16~REF*6R*0~REF*LU*11~AMT*B6*86.17~CLP*114800A130930*19*150*54.89*30.16*MB*0913274461510*11*1~NM1*QC*1*ZABOROWSKI*RAYMOND****HN*135405190A~NM1*TT*2*NJ DEPT. OF HUMAN SERVICES*****PI*70078~MOA***MA01*MA07~DTM*050*20131001~SVC*HC:90834*150*54.89**1~DTM*472*20130918~CAS*CO*45*63.83**223*1.12~CAS*PR*2*14**122*16.16~REF*6R*0~REF*LU*11~AMT*B6*86.17~PLB*1477603942*20131231*L6*-0.06~SE*180*0005~ST*835*0006~BPR*I*239.14*C*ACH*CCP*01*081517693*DA*152302017073*1205296137**01*031201360*DA*7863229386*20131015~TRN*1*886028174*1205296137~REF*EV*1929361~DTM*405*20131011~N1*PR*NOVITAS SOLUTIONS, INC.~N3*PO BOX 3031~N4*MECHANICSBURG*PA*170551803~REF*2U*12402~PER*CX**TE*8772358073~PER*BL*NOVITAS SOLUTIONS, INC. EDI SERVICES*TE*8772358073*EX*1*EM*WEBSITEEDI@NOVITAS_SOLUTIONS.COM~N1*PE*BERNARD E. BILICKI  CP*XX*1730286782~N3*UNIT 2A*295 GEMINI DRIVE~N4*HILLSBOROUGH*NJ*088444976~REF*TJ*142464911~LX*1~CLP*BERNARD E E31*19*800*239.12*131.4*MB*0813256151390*11~NM1*QC*1*MOORE*GREG****HN*136408583T~NM1*TT*2*HORIZON BCBS OF NEW JERSEY*****PI*00019~MOA***MA01*MA18~DTM*050*20130913~AMT*I*0.02~SVC*HC:90847*200*59.78**1~DTM*472*20130727~CAS*CO*45*106.15**223*1.22~CAS*PR*2*15.25**122*17.6~REF*6R*LX#01~REF*LU*11~AMT*B6*93.85~SVC*HC:90847*200*59.78**1~DTM*472*20130731~CAS*CO*45*106.15**223*1.22~CAS*PR*2*15.25**122*17.6~REF*6R*LX#02~REF*LU*11~AMT*B6*93.85~SVC*HC:90847*200*59.78**1~DTM*472*20130817~CAS*CO*45*106.15**223*1.22~CAS*PR*2*15.25**122*17.6~REF*6R*LX#03~REF*LU*11~AMT*B6*93.85~SVC*HC:90847*200*59.78**1~DTM*472*20130828~CAS*CO*45*106.15**223*1.22~CAS*PR*2*15.25**122*17.6~REF*6R*LX#04~REF*LU*11~AMT*B6*93.85~PLB*1730286782*20131231*L6*-0.02~SE*52*0006~ST*835*0007~BPR*I*55*C*CHK************20131011~TRN*1*0014222092*1411648670~REF*EV*870426777~DTM*405*20130926~N1*PR*CIGNA BEHAVIORAL HEALTH~N3*PO BOX 46270~N4*EDEN PRAIRIE*MN*55344~PER*BL*HP*EM*CLAIMS.INTAKE.APP.SUPPORT@HP.COM~PER*IC**UR*WWW.CIGNAFORHCP.COM~PER*CX*CUSTOMER SERVICE*TE*8009262273~N1*PE*MAUREEN WIESE-WAIBEL LLC*XX*1902991391~N3*800 RARITAN RD~N4*CLARK*NJ*07066~REF*TJ*262135919~LX*1~CLP*119800A131001*1*125*55*15*13*13274Z3400*11*1~NM1*QC*1*GERSTNER*TARA****MI*U4422695201~NM1*82*1*WIESE-WAIBEL*MAUREEN****FI*119567146~REF*1L*3216572~REF*CE*NETWORK POS DPP1 W/TELEPHONIC~DTM*050*20131002~DTM*232*20130926~DTM*233*20130926~PER*CX*CUSTOMER SERVICE*TE*8009262273~AMT*AU*70~SVC*HC:90834*125*55**1~CAS*CO*45*55~CAS*PR*3*15~REF*6R*0~REF*BB*134793089|O~REF*0K*3216572~AMT*B6*70~SE*34*0007~GE*7*158042602~IEA*1*158042602~
