ISA*00*          *00*          *ZZ*330897513      *ZZ*ASSOCIATEDBC   *131017*2046*^*00501*158189558*0*P*:~GS*HP*330897513*ASSOCIATEDBC*20131017*2046*158189558*X*005010X221A1~ST*835*0001~BPR*I*82.8*C*ACH*CCP*01*011900445*DA*0000009046*1066033492**01*011200608*DA*191410030420*20131022~TRN*1*813289270003229*1066033492~REF*EV*330897513~DTM*405*20131017~N1*PR*AETNA~N3*151 FARMINGTON AVENUE~N4*HARTFORD*CT*06156~PER*BL*PROVIDER SERVICE~N1*PE*RAPEL-KINNEY, KARIN*XX*1063567766~N3*191 VALLEY RD~N4*RAYMOND*ME*040716163~REF*PQ*841648100~REF*TJ*141784965~LX*1~TS3*1063567766*11*20131231*3*305~CLP*125600A131002*1*125*16*35*13*EFFA9KQ0F0000*11*1~NM1*QC*1*GUIGNARD*MARIE~NM1*IL*1*ROWE*SUSAN****MI*W189605930~NM1*74*1*GUIGNARD*MARIE*M~NM1*82*1*RAPEL KINNEY*KARIN*D***XX*1063567766~REF*1L*0818960-010-00001-AA~DTM*050*20131011~DTM*232*20131001~DTM*233*20131001~PER*CX**TE*8886323862~AMT*AU*125~SVC*HC:90791*125*16**1~DTM*472*20131001~CAS*CO*45*74~CAS*PR*3*35~AMT*B6*51~CLP*134100A131011*1*90*40.8*10.2*13*EVAA84RFC0000*11*1~NM1*QC*1*MOON*ROBERT****MI*W177162120~NM1*74*1**JOLINE*M~NM1*82*1*RAPEL KINNEY*KARIN*D***XX*1063567766~REF*1L*0724655-050-00001-MD~DTM*050*20131014~DTM*232*20131003~DTM*233*20131003~PER*CX**TE*8886323862~AMT*AU*90~SVC*HC:90834*90*40.8**1~DTM*472*20131003~CAS*CO*45*39~CAS*PR*2*10.2~AMT*B6*51~CLP*134300A131011*1*90*26*25*13*EVJK85D670000*11*1~NM1*QC*1*MILLETT*KIMBERLY****MI*W192685858~NM1*82*1*RAPEL KINNEY*KARIN*D***XX*1063567766~REF*1L*0842802-010-00111- A~DTM*050*20131014~DTM*232*20131007~DTM*233*20131007~PER*CX**TE*8886323862~AMT*AU*90~SVC*HC:90834*90*26**1~DTM*472*20131007~CAS*CO*45*39~CAS*PR*3*25~AMT*B6*51~SE*62*0001~ST*835*0002~BPR*I*40*C*ACH*CCP*01*031100209*DA*0038865237*1066033492**01*031201360*DA*7869322623*20131021~TRN*1*161016130022308*1066033492~REF*EV*330897513~DTM*405*20131017~N1*PR*AETNA~N3*151 FARMINGTON AVENUE~N4*HARTFORD*CT*06156~PER*BL*PROVIDER SERVICE~N1*PE*CENTER FOR PSYCHOLOGICAL SERVIC*XX*1457686560~N3*491 AMWELL RD STE 103~N4*HILLSBOROUGH*NJ*088448212~REF*PQ*149850620~REF*TJ*263895688~LX*1~TS3*1275694077*11*20131231*1*175~CLP*0000001*1*175*40*20*HM*1309271327920000*11~NM1*QC*1*KORZIN*ALAN~NM1*IL*1*KORZIN*ALAN****MI*BBNBH4HC~NM1*74*1**EVAN*G~NM1*82*2*CENTER FOR PSYCHOLOGICAL SERVIC*****XX*1275694077~REF*1L*00379A-C10~REF*CE*PATRIOT XV PLAN NET 01961~DTM*050*20130927~DTM*232*20130924~DTM*233*20130924~PER*CX**TE*8006240756~AMT*AU*175~SVC*HC:90834*175*40**1~DTM*472*20130924~CAS*CO*45*115~CAS*PR*3*20~REF*6R*00000000001~AMT*B6*60~LQ*HE*N59~SE*36*0002~GE*2*158189558~IEA*1*158189558~
