ISA*00*          *00*          *ZZ*330897513      *ZZ*ASSOCIATEDBC   *131017*1553*U*00401*158156912*0*P*:~GS*HP*330897513*ASSOCIATEDBC*20131017*1553*158156912*X*004010X091A1~ST*835*0001~BPR*I*135*C*CHK************20131015~TRN*1*0062540569*1220999690*8352013101604334094~REF*EV*1467635987~DTM*405*20131015~N1*PR*HORIZON BCBSNJ~N3*PAYOR ADDRESS 1~N4*NEWARK*NJ*071010420~REF*2U*22099~N1*PE*H K LOPES LPC*XX*1467635987~N3*77 N MAIN ST~N4*MILLTOWN*NJ*088501521~REF*PQ*4540820350~REF*TJ*454082035~LX*1~CLP*NOTPRESENT*1*375*135*45*13*780261328373211   00**1~NM1*QC*1*VARGA*STEVEN*J***MI*3HZN79603790~NM1*82*2*H K LOPES LPC*****XX*1467635987~DTM*050*20131007~DTM*232*20130911~DTM*233*20130925~PER*CX*STATE HEALTH BENEFITS PROGRAM HMO*TE*8006642583~AMT*AU*180~AMT*T2*135~SVC*HC:99199*125*45**1*HC:90834~DTM*472*20130911~CAS*PR*3*15~CAS*CO*45*65~REF*6R*000001~REF*HPI*1467635987~AMT*B6*60~SVC*HC:99199*125*45**1*HC:90834~DTM*472*20130918~CAS*PR*3*15~CAS*CO*45*65~REF*6R*000002~REF*HPI*1467635987~AMT*B6*60~SVC*HC:99199*125*45**1*HC:90834~DTM*472*20130925~CAS*PR*3*15~CAS*CO*45*65~REF*6R*000003~REF*HPI*1467635987~AMT*B6*60~SE*46*0001~ST*835*0002~BPR*I*18.62*C*ACH*CCP*01*031100225*DA*2079950064280/*1220999690**01*231372691*DA*0181143836*20131015~TRN*1*0004384978*1220999690*8352013101603390855~REF*EV*1902991391~DTM*405*20131015~N1*PR*HORIZON BCBSNJ~N3*PAYOR ADDRESS 1~N4*NEWARK*NJ*071010420~REF*2U*22099~N1*PE*M M WIESE WAIBEL LCSW*XX*1902991391~N3*800 RARITAN RD~N4*CLARK*NJ*070661710~REF*PQ*2621359190~REF*TJ*262135919~LX*1~CLP*128300A131007*1*125*44*25*12*780271328236978   00**1~NM1*QC*1*PAONE*BARBARA****MI*BLM89275769~NM1*IL*1*PAONE*JOE****MI*BLM89275769~NM1*82*2*M M WIESE WAIBEL LCSW*****XX*1902991391~DTM*050*20131009~DTM*232*20130930~DTM*233*20130930~AMT*AU*69~AMT*T2*44~SVC*HC:99199*125*44**1*HC:90834~DTM*472*20130930~CAS*PR*3*25~CAS*CO*45*56~REF*6R*0~REF*HPI*1902991391~AMT*B6*69~PLB*1902991391*20131231*WO:98100A130918*25.38~SE*33*0002~GE*2*158156912~IEA*1*158156912~
