ISA*00*          *00*          *ZZ*330897513      *ZZ*ASSOCIATEDBC   *131018*0640*U*00401*158234374*0*P*:~GS*HP*330897513*ASSOCIATEDBC*20131018*0640*158234374*X*004010X091A1~ST*835*0001~BPR*I*20*C*CHK************20131016~TRN*1*QC56724810*1411289245*000087726~DTM*405*20131016~N1*PR*UNITED HEALTHCARE INSURANCE COMPANY*XV*87726~N3*GREENSBORO SERVICE CENTER*P.O. BOX 30555~N4*SALT LAKE CITY*UT*841300555~REF*2U*87726~PER*CX*GREENSBORO SERVICE CENTER*TE*8778423210~N1*PE*MAUREEN WIESE WAIBEL LLC*XX*1902991391~N3*800 RARITAN RD~N4*CLARK*NJ*070660000~REF*TJ*262135919~LX*1~TS3*1902991391*11*20131231*1*125~CLP*118500A131001*1*125*20*40*13*4291340529 0031352566*11~NM1*QC*1*TABERNA*LILLIAN~NM1*IL*1*TABERNA*LILLIAN****MI*963789037~NM1*74*1*TABERNA*LILIAN*I~REF*1L*709727~REF*CE*CHOYC+~DTM*050*20131002~DTM*232*20130925~AMT*AU*125~SVC*HC:90834*125*20**1~DTM*472*20130925~CAS*CO*45*65~CAS*PR*3*40~REF*6R*0~AMT*B6*60~SE*31*0001~GE*1*158234374~IEA*1*158234374~
