ISA*00*          *00*          *ZZ*330897513      *ZZ*ASSOCIATEDBC   *131018*0044*^*00501*158208708*0*P*:~GS*HP*330897513*ASSOCIATEDBC*20131018*0044*158208708*X*005010X221A1~ST*835*0001~BPR*I*156.41*C*CHK************20131011~TRN*1*20131011144011990EPRA15984272*1910499247*N~REF*EV*PB5~DTM*405*20131011~N1*PR*PREMERA BLUE CROSS~N3*PO BOX 327*MS 357~N4*SEATTLE*WA*98111~PER*CX*EDI TEAM*EM*EDI@PREMERA.COM*TE*8004352715~PER*BL*EDI TEAM*EM*EDI@PREMERA.COM*TE*8004352715~N1*PE*KATHI L. JACKSON*XX*1144266438~N3*2731 WETMORE AVE*STE 240~N4*EVERETT*WA*982013581~REF*TJ*447585592~LX*0~CLP*0*1*300*156.41*25*12*132820186300*11~NM1*QC*1*PARKER*CHRISTIAN*A***MI*10080103003~NM1*IL*1*PARKER*STEPHEN*R***MI*100801030~REF*1L*8000120~REF*CE*PBC PPO (HERITAGE) NETWORK~DTM*050*20130913~AMT*AU*181.41~SVC*HC:90791*300*156.41**1~DTM*472*20130828~CAS*PR*3*25~CAS*CO*45*118.59~AMT*B6*181.41~SE*28*0001~ST*835*0002~BPR*I*205.85*C*ACH*CCP*01*081517693*DA*152302017073*1205296137**01*231372691*DA*0181143836*20131016~TRN*1*886030728*1205296137~REF*EV*1929361~DTM*405*20131015~N1*PR*NOVITAS SOLUTIONS, INC.~N3*PO BOX 3031~N4*MECHANICSBURG*PA*170551803~REF*2U*12402~PER*CX**TE*8772358073~PER*BL*NOVITAS SOLUTIONS, INC. EDI SERVICES*TE*8772358073*EX*1*EM*WEBSITEEDI@NOVITAS_SOLUTIONS.COM~N1*PE*MAUREEN WIESE WAIBEL  CSW*XX*1902991391~N3*800 RARITAN ROAD~N4*CLARK*NJ*070661710~REF*TJ*262135919~LX*1~CLP*117400A131001*19*125*41.17*22.62*MB*0913275239110*11*1~NM1*QC*1*FETICS*MARY****HN*152249968A~NM1*TT*2*UNITEDHEALTH GROUP*****PI*30002~MOA***MA01*MA18~DTM*050*20131002~SVC*HC:90834*125*41.17**1~DTM*472*20130924~CAS*CO*45*60.37**223*0.84~CAS*PR*2*10.5**122*12.12~REF*6R*0~REF*LU*11~AMT*B6*64.63~CLP*116600A131001*1*125*41.17*22.62*MB*0913275239100*11*1~NM1*QC*1*LIPARI*BARBARA****HN*157662010A~MOA***MA01~DTM*050*20131002~SVC*HC:90834*125*41.17**1~DTM*472*20130923~CAS*CO*45*60.37**223*0.84~CAS*PR*2*10.5**122*12.12~REF*6R*0~REF*LU*11~AMT*B6*64.63~CLP*120600A131001*1*125*41.17*22.62*MB*0913275239140*11*1~NM1*QC*1*LIPARI*BARBARA****HN*157662010A~MOA***MA01~DTM*050*20131002~SVC*HC:90834*125*41.17**1~DTM*472*20130930~CAS*CO*45*60.37**223*0.84~CAS*PR*2*10.5**122*12.12~REF*6R*0~REF*LU*11~AMT*B6*64.63~CLP*117500A131001*19*125*41.17*22.62*MB*0913275239120*11*1~NM1*QC*1*PORTER*DOROTHY****HN*139308631A~NM1*TT*2*UNITEDHEALTH GROUP*****PI*30002~MOA***MA01*MA18~DTM*050*20131002~SVC*HC:90834*125*41.17**1~DTM*472*20130924~CAS*CO*45*60.37**223*0.84~CAS*PR*2*10.5**122*12.12~REF*6R*0~REF*LU*11~AMT*B6*64.63~CLP*118600A131001*19*125*41.17*22.62*MB*0913275239130*11*1~NM1*QC*1*SHOE-EZELL*ELAINE****HN*145468664A~NM1*TT*2*ANTHEM NATIONAL BCBS OHIO CTRL*****PI*00131~MOA***MA01*MA18~DTM*050*20131002~SVC*HC:90834*125*41.17**1~DTM*472*20130925~CAS*CO*45*60.37**223*0.84~CAS*PR*2*10.5**122*12.12~REF*6R*0~REF*LU*11~AMT*B6*64.63~SE*75*0002~GE*2*158208708~IEA*1*158208708~
