ISA*00*          *00*          *ZZ*330897513      *ZZ*ASSOCIATEDBC   *131018*0258*^*00501*158218093*0*P*:~GS*HP*330897513*ASSOCIATEDBC*20131018*0258*158218093*X*005010X221A1~ST*835*0001~BPR*I*30*C*CHK************20131017~TRN*1*CC-31631326*1066033492~REF*EV*330897513~DTM*405*20131018~N1*PR*AETNA~N3*151 FARMINGTON AVENUE~N4*HARTFORD*CT*06156~PER*BL*PROVIDER SERVICE~N1*PE*SAXTON-LOPEZ, NANCY*FI*096386775~N3*6 PROSPECT ST STE 3C~N4*MIDLAND PARK*NJ*074321634~REF*PQ*054455120~LX*1~TS3*00096386775*11*20131231*1*125~CLP*762651572*1*125*30*30*13*131016E357090000*11*1~NM1*QC*1*KONTOS*DEMI~NM1*IL*1*KONTOS*STEVEN****MI*BBPF6VHD~NM1*82*2******PC*000936649~REF*1L*366413-003~DTM*050*20131016~DTM*232*20131004~DTM*233*20131004~PER*CX**TE*8006240756~AMT*AU*125~SVC*HC:90834*125*30**1~DTM*472*20131004~CAS*CO*45*65~CAS*PR*3*30~REF*6R*747762651572~AMT*B6*60~LQ*HE*N59~SE*33*0001~ST*835*0002~BPR*I*100*C*CHK************20131017~TRN*1*CC-31631661*1066033492~REF*EV*330897513~DTM*405*20131018~N1*PR*AETNA~N3*151 FARMINGTON AVENUE~N4*HARTFORD*CT*06156~PER*BL*PROVIDER SERVICE~N1*PE*ROBYN REZNIK LCSW, LLC*FI*204217997~N3*9 PROFESSIONAL CIR STE 206~N4*COLTS NECK*NJ*077222427~REF*PQ*021638960~LX*1~TS3*00204217997*11*20131231*1*250~CLP*762676057*1*250*100*20*HM*131016E415260000*11*1~NM1*QC*1*BURKITT*KEVIN****MI*BBTXTP6A~NM1*82*2******PC*001186938~REF*1L*01405E-198~REF*CE*NJ EMPLOYEE PLAN NET 01961~DTM*050*20131016~DTM*232*20131003~DTM*233*20131010~PER*CX**TE*8006240756~AMT*AU*250~SVC*HC:90834*125*50**1~DTM*472*20131003~CAS*CO*45*65~CAS*PR*3*10~REF*6R*980762676057~AMT*B6*60~SVC*HC:90834*125*50**1~DTM*472*20131010~CAS*CO*45*65~CAS*PR*3*10~REF*6R*981762676057~AMT*B6*60~SE*38*0002~ST*835*0003~BPR*I*50*C*ACH*CCP*01*031100209*DA*0038865237*1066033492**01*031201360*DA*7869322623*20131022~TRN*1*161017130023179*1066033492~REF*EV*330897513~DTM*405*20131018~N1*PR*AETNA~N3*151 FARMINGTON AVENUE~N4*HARTFORD*CT*06156~PER*BL*PROVIDER SERVICE~N1*PE*CENTER FOR PSYCHOLOGICAL SERVIC*XX*1457686560~N3*491 AMWELL RD STE 103~N4*HILLSBOROUGH*NJ*088448212~REF*PQ*149850620~REF*TJ*263895688~LX*1~TS3*1568514024*11*20131231*1*150~CLP*0000001*1*150*50*10*HM*1310071267600000*11~NM1*QC*1*PETREN*BARBARA~NM1*IL*1*PETREN*BARBARA****MI*BBP739VA~NM1*82*2*CENTER FOR PSYCHOLOGICAL SERVIC*****XX*1568514024~REF*1L*01404E-195~REF*CE*NJ EMPLOYEE PLAN NET 01961~DTM*050*20131007~DTM*232*20130923~DTM*233*20130923~PER*CX**TE*8006240756~AMT*AU*150~SVC*HC:90834*150*50**1~DTM*472*20130923~CAS*CO*45*90~CAS*PR*3*10~REF*6R*00000000001~AMT*B6*60~LQ*HE*N59~SE*35*0003~ST*835*0004~BPR*I*50*C*ACH*CCP*01*031100209*DA*0038865237*1066033492**01*031201360*DA*7869322623*20131022~TRN*1*161017130023342*1066033492~REF*EV*330897513~DTM*405*20131018~N1*PR*AETNA~N3*151 FARMINGTON AVENUE~N4*HARTFORD*CT*06156~PER*BL*PROVIDER SERVICE~N1*PE*CENTER FOR PSYCHOLOGICAL SERVIC*XX*1457686560~N3*491 AMWELL RD STE 103~N4*HILLSBOROUGH*NJ*088448212~REF*PQ*149850620~REF*TJ*263895688~LX*1~TS3*1275694077*11*20131231*2*350~CLP*0000001*1*175*10*50*13*1310071267560000*11~NM1*QC*1*MILLER*ERICA~NM1*IL*1*MILLER*ERICA****MI*BBTX2KQA~NM1*74*1*STIER*GAIL*M***C*BBTX2KQB~NM1*82*2*CENTER FOR PSYCHOLOGICAL SERVIC*****XX*1275694077~REF*1L*434793-001~DTM*050*20131007~DTM*232*20131001~DTM*233*20131001~PER*CX**TE*8006240756~AMT*AU*175~SVC*HC:90834*175*10**1~DTM*472*20131001~CAS*CO*45*115~CAS*PR*3*50~REF*6R*00000000001~AMT*B6*60~LQ*HE*N59~CLP*0000001*1*175*40*20*HM*1310071267580000*11~NM1*QC*1*KORZIN*ALAN~NM1*IL*1*KORZIN*ALAN****MI*BBNBH4HC~NM1*74*1**EVAN*G~NM1*82*2*CENTER FOR PSYCHOLOGICAL SERVIC*****XX*1275694077~REF*1L*00379A-C10~REF*CE*PATRIOT XV PLAN NET 01961~DTM*050*20131007~DTM*232*20131001~DTM*233*20131001~PER*CX**TE*8006240756~AMT*AU*175~SVC*HC:90834*175*40**1~DTM*472*20131001~CAS*CO*45*115~CAS*PR*3*20~REF*6R*00000000001~AMT*B6*60~LQ*HE*N59~SE*54*0004~ST*835*0005~BPR*I*130*C*ACH*CCP*01*031100209*DA*0038865237*1066033492**01*031201360*DA*7869322623*20131022~TRN*1*161017130026146*1066033492~REF*EV*330897513~DTM*405*20131018~N1*PR*AETNA~N3*151 FARMINGTON AVENUE~N4*HARTFORD*CT*06156~PER*BL*PROVIDER SERVICE~N1*PE*CENTER FOR PSYCHOLOGICAL SERVIC*XX*1457686560~N3*491 AMWELL RD STE 103 BLDG 1~N4*HILLSBOROUGH*NJ*088448212~REF*PQ*149850620~REF*TJ*263895688~LX*1~TS3*1972844751*11*20131231*1*375~CLP*0000001*1*375*130**HM*1310072744160000*11~NM1*QC*1*DETOMMASO*JULIA~NM1*IL*1*DETOMMASO*LISA****MI*BBTXN5VA~NM1*74*1******C*BBTXN5VD~NM1*82*2*CENTER FOR PSYCHOLOGICAL SERVIC*****XX*1972844751~REF*1L*01505A-001~REF*CE*NJ EMPLOYEE PLAN NET 01961~DTM*050*20131007~DTM*232*20130919~DTM*233*20130926~PER*CX**TE*8006240756~AMT*AU*375~SVC*HC:90791*200*70**1~DTM*472*20130919~CAS*CO*45*130~REF*6R*00000000001~AMT*B6*70~LQ*HE*N59~SVC*HC:90834*175*60**1~DTM*472*20130926~CAS*CO*45*115~REF*6R*00000000002~AMT*B6*60~LQ*HE*N59~SE*41*0005~GE*5*158218093~IEA*1*158218093~
