ISA*00*          *00*          *ZZ*330897513      *ZZ*ASSOCIATEDBC   *131018*1018*U*00401*158268406*0*P*:~GS*HP*330897513*ASSOCIATEDBC*20131018*1018*158268406*X*004010X091A1~ST*835*0001~BPR*I*120*C*CHK************20131016~TRN*1*0062556372*1220999690*8352013101706103997~REF*EV*1467635987~DTM*405*20131016~N1*PR*HORIZON BCBSNJ~N3*PAYOR ADDRESS 1~N4*NEWARK*NJ*071010420~REF*2U*22099~N1*PE*H K LOPES LPC*XX*1467635987~N3*77 N MAIN ST~N4*MILLTOWN*NJ*088501521~REF*PQ*4540820350~REF*TJ*454082035~LX*1~CLP*YHM3HZN43256870*1*375*120*60*13*780281328320881   00**1~NM1*QC*1*REITER*AMANDA*E***MI*3HZN43256870~NM1*82*2*H K LOPES LPC*****XX*1467635987~DTM*050*20131007~DTM*232*20130910~DTM*233*20130923~PER*CX*HORIZON BLUE CROSS BLUE SHIELD OF NEW JERSEY DIRECT ACCESS*TE*8006241110~AMT*AU*180~AMT*T2*120~SVC*HC:99199*125*40**1*HC:90834~DTM*472*20130910~CAS*PR*3*20~CAS*CO*45*65~REF*6R*000001~REF*HPI*1467635987~AMT*B6*60~SVC*HC:99199*125*40**1*HC:90834~DTM*472*20130916~CAS*PR*3*20~CAS*CO*45*65~REF*6R*000002~REF*HPI*1467635987~AMT*B6*60~SVC*HC:99199*125*40**1*HC:90834~DTM*472*20130923~CAS*PR*3*20~CAS*CO*45*65~REF*6R*000003~REF*HPI*1467635987~AMT*B6*60~SE*46*0001~GE*1*158268406~IEA*1*158268406~
