ISA*00*          *00*          *ZZ*330897513      *ZZ*ASSOCIATEDBC   *131018*2121*^*00501*158374087*0*P*:~GS*HP*330897513*ASSOCIATEDBC*20131018*2121*158374087*X*005010X221A1~ST*835*0001~BPR*H*0*C*NON************20131017~TRN*1*359051313*1205296137~REF*EV*1929361~DTM*405*20131016~N1*PR*NOVITAS SOLUTIONS, INC.~N3*PO BOX 3031~N4*MECHANICSBURG*PA*170551803~REF*2U*12402~PER*CX**TE*8772358073~PER*BL*NOVITAS SOLUTIONS, INC. EDI SERVICES*TE*8772358073*EX*1*EM*WEBSITEEDI@NOVITAS_SOLUTIONS.COM~N1*PE*MAUREEN J. HUDAK  CP*XX*1013063346~N3*SUITE 2A*47 RARITAN AVE~N4*HIGHLAND PARK*NJ*089042440~REF*TJ*142460069~LX*1~CLP*157489157 A*1*150*0**MB*0713263006360*11~NM1*QC*1*CORCORAN*ROSEANN****HN*157489157A~MOA***MA01~DTM*050*20130920~SVC*HC:90834*150*0~DTM*472*20130823~CAS*CO*16*150~REF*6R*LX#01~REF*LU*11~LQ*HE*MA04~SE*27*0001~ST*835*0002~BPR*H*0*C*NON************20131017~TRN*1*359050695*1205296137~REF*EV*1929361~DTM*405*20131016~N1*PR*NOVITAS SOLUTIONS, INC.~N3*PO BOX 3031~N4*MECHANICSBURG*PA*170551803~REF*2U*12402~PER*CX**TE*8772358073~PER*BL*NOVITAS SOLUTIONS, INC. EDI SERVICES*TE*8772358073*EX*1*EM*WEBSITEEDI@NOVITAS_SOLUTIONS.COM~N1*PE*CYNTHIA M. BRATMAN  CP*XX*1184788275~N3*SUITE 209*20 NASSAU ST~N4*PRINCETON*NJ*085424509~REF*TJ*200286572~LX*1~CLP*CYNTH1A BRATM*19*1050*0**MB*0813262003970*11~NM1*QC*1*LICHTENSTEIN*KAREN****HN*119242787C1~NM1*TT*2*NEW JERSEY MEDICAID*****PI*70006~MOA***MA01*MA07~DTM*050*20130919~SVC*HC:90834*175*0~DTM*472*20130307~CAS*CO*109*175~REF*6R*LX#01~REF*LU*11~SVC*HC:90834*175*0~DTM*472*20130314~CAS*CO*109*175~REF*6R*LX#02~REF*LU*11~SVC*HC:90834*175*0~DTM*472*20130328~CAS*CO*109*175~REF*6R*LX#03~REF*LU*11~SVC*HC:90834*175*0~DTM*472*20130402~CAS*CO*109*175~REF*6R*LX#04~REF*LU*11~SVC*HC:90834*175*0~DTM*472*20130411~CAS*CO*109*175~REF*6R*LX#05~REF*LU*11~SVC*HC:90834*175*0~DTM*472*20130418~CAS*CO*109*175~REF*6R*LX#06~REF*LU*11~CLP*CYNTH1A BRATMA*19*1050*0**MB*0813262003980*11~NM1*QC*1*LICHTENSTEIN*KAREN****HN*119242787C1~NM1*TT*2*NEW JERSEY MEDICAID*****PI*70006~MOA***MA01*MA07~DTM*050*20130919~SVC*HC:90834*175*0~DTM*472*20130502~CAS*CO*109*175~REF*6R*LX#01~REF*LU*11~SVC*HC:90834*175*0~DTM*472*20130509~CAS*CO*109*175~REF*6R*LX#02~REF*LU*11~SVC*HC:90834*175*0~DTM*472*20130521~CAS*CO*109*175~REF*6R*LX#03~REF*LU*11~SVC*HC:90834*175*0~DTM*472*20130528~CAS*CO*109*175~REF*6R*LX#04~REF*LU*11~SVC*HC:90834*175*0~DTM*472*20130605~CAS*CO*109*175~REF*6R*LX#05~REF*LU*11~SVC*HC:90834*175*0~DTM*472*20130618~CAS*CO*109*175~REF*6R*LX#06~REF*LU*11~SE*87*0002~GE*2*158374087~IEA*1*158374087~
