ISA*00*          *00*          *ZZ*330897513      *ZZ*ASSOCIATEDBC   *131020*0151*^*00501*158412821*0*P*:~GS*HP*330897513*ASSOCIATEDBC*20131020*0151*158412821*X*005010X221A1~ST*835*0001~BPR*I*19.41*C*ACH*CCP*01*043301627*DA*1029131471*1571132733*000099726*01*999999999*DA*999999999*20131021~TRN*1*5047508288WR4*1571132733*000099726~REF*EV*7GW0013CA3~REF*F2*447585592     R86031015013894~DTM*405*20131015~N1*PR*TRICARE~N3*TRICARE WEST REGION*P.O. BOX 7065~N4*CAMDEN*SC*290207065~REF*2U*99726~REF*EO*1100000001~PER*BL*TRICARE ELECTRONIC CLAIMS SERVICE CENTER*TE*8003255920~N1*PE*KATHI JACKSON*XX*1144266438~N3*2731 WETMORE AVE~N4*EVERETT*WA*98201~REF*TJ*447585592~LX*1~CLP*0*2*150*19.41**CH*3259Q9439-00*11*1~NM1*QC*1*REID*STEPHANIE*D***MI*536965875~NM1*IL*1*REID*JEFFRY*M***MI*536965875~DTM*050*20130916~AMT*AU*80.47~SVC*HC:90834*150*19.41~DTM*472*20130808~CAS*CO*23*52.94~CAS*OA*23*77.65~AMT*B6*80.47~SE*28*0001~GE*1*158412821~IEA*1*158412821~
