ISA*00*          *00*          *ZZ*330897513      *ZZ*ASSOCIATEDBC   *131021*0128*^*00501*158436119*0*P*:~GS*HP*330897513*ASSOCIATEDBC*20131021*0128*158436119*X*005010X221A1~ST*835*0001~BPR*I*225*C*CHK************20131018~TRN*1*CC-31641854*1066033492~REF*EV*330897513~DTM*405*20131019~N1*PR*AETNA~N3*151 FARMINGTON AVENUE~N4*HARTFORD*CT*06156~PER*BL*PROVIDER SERVICE~N1*PE*EDELMAN, DANIEL M*XX*1891744421~N3*13 EAGLE TER~N4*WEST ORANGE*NJ*070525006~REF*PQ*887520390~REF*TJ*203009626~LX*1~TS3*1629041165*11*20131231*2*625~CLP*762620456*1*175*51*40*13*131016E297740000*11*1~NM1*QC*1*COOPER*KEVIN****MI*BBPPR1WA~NM1*82*2*EDELMAN, DANIEL M*****XX*1629041165~REF*1L*068551-009~REF*CE*CITIZEN QPOS PLAN NET 01961~DTM*050*20131016~DTM*232*20131010~DTM*233*20131010~PER*CX**TE*8006240756~AMT*AU*175~SVC*HC:90791*175*51**1~DTM*472*20131010~CAS*CO*45*84~CAS*PR*3*40~REF*6R*457762620456~AMT*B6*91~CLP*762620458*1*450*174*45*HM*131016E469710000*11*1~NM1*QC*1*DINGLE*GABRIELLE****MI*MRLQ6010~NM1*74*1*IRLINGER DINGLE**A~NM1*82*2*EDELMAN, DANIEL M*****XX*1629041165~REF*1L*008041-011~REF*CE*CITIZEN PLAN NET 01961~DTM*050*20131016~DTM*232*20130919~DTM*233*20131003~PER*CX**TE*8006240756~AMT*AU*450~SVC*HC:90834*150*58**1~DTM*472*20130919~CAS*CO*45*77~CAS*PR*3*15~REF*6R*461762620458~AMT*B6*73~SVC*HC:90834*150*58**1~DTM*472*20130926~CAS*CO*45*77~CAS*PR*3*15~REF*6R*462762620458~AMT*B6*73~SVC*HC:90834*150*58**1~DTM*472*20131003~CAS*CO*45*77~CAS*PR*3*15~REF*6R*467762620458~AMT*B6*73~SE*62*0001~ST*835*0002~BPR*I*264.74*C*CHK************20131018~TRN*1*CC-31644464*1066033492~REF*EV*330897513~DTM*405*20131019~N1*PR*AETNA~N3*151 FARMINGTON AVENUE~N4*HARTFORD*CT*06156~PER*BL*PROVIDER SERVICE~N1*PE*MAUREEN M WIESE WAIBEL, MSW LCS*XX*1902991391~N3*800 RARITAN RD~N4*CLARK*NJ*070661710~REF*PQ*291480930~REF*TJ*262135919~LX*1~TS3*1902991391*11*20131231*4*625~CLP*143200A131016*1*250*81.34**13*131017E301410000*11*1~NM1*QC*1*LAUDADIO*ANGELA~NM1*IL*1*LAUDADIO*DANTE****MI*MEBF3XXC~NM1*74*1**ANGELA~NM1*82*2*MAUREEN M WIESE WAIBEL, MSW LCS*****XX*1902991391~REF*1L*429002-068~REF*CE*MA 100 ESA PPO PLAN NET 03398~DTM*050*20131017~DTM*232*20131002~DTM*233*20131002~PER*CX**TE*8006240756~AMT*AU*250~SVC*HC:90847*250*81.34**1~DTM*472*20131002~CAS*CO*253*1.66**45*167~AMT*B6*83~CLP*147600A131016*1*125*78.4**13*131017E301420000*11*1~NM1*QC*1*LAUDADIO*ANGELA~NM1*IL*1*LAUDADIO*DANTE****MI*MEBF3XXC~NM1*74*1**ANGELA~NM1*82*2*MAUREEN M WIESE WAIBEL, MSW LCS*****XX*1902991391~REF*1L*429002-068~REF*CE*MA 100 ESA PPO PLAN NET 03398~DTM*050*20131017~DTM*232*20131014~DTM*233*20131014~PER*CX**TE*8006240756~AMT*AU*125~SVC*HC:90834*125*78.4**1~DTM*472*20131014~CAS*CO*253*1.6**45*45~AMT*B6*80~CLP*146800A131016*1*125*50*10*HM*131017E352690000*11*1~NM1*QC*1*ANGOWSKI*MELISSA~NM1*IL*1*ANGOWSKI*RAYMOND****MI*BBQLYXBD~NM1*82*2*MAUREEN M WIESE WAIBEL, MSW LCS*****XX*1902991391~REF*1L*382396-008~REF*CE*PATRIOT V FLX PLAN NET 01961~DTM*050*20131017~DTM*232*20131008~DTM*233*20131008~PER*CX**TE*8006240756~AMT*AU*125~SVC*HC:90834*125*50**1~DTM*472*20131008~CAS*CO*45*65~CAS*PR*3*10~AMT*B6*60~CLP*146600A131016*1*125*55*5*13*131017E404300000*11*1~NM1*QC*1*SANTOS*ANA****MI*BBS1WBJA~NM1*82*2*MAUREEN M WIESE WAIBEL, MSW LCS*****XX*1902991391~REF*1L*429253-020~DTM*050*20131017~DTM*232*20131008~DTM*233*20131008~PER*CX**TE*8006240756~AMT*AU*125~SVC*HC:90834*125*55**1~DTM*472*20131008~CAS*CO*45*65~CAS*PR*3*5~AMT*B6*60~SE*79*0002~GE*2*158436119~IEA*1*158436119~
