ISA*00*          *00*          *ZZ*330897513      *ZZ*ASSOCIATEDBC   *131021*1137*U*00401*158505038*0*P*:~GS*HP*330897513*ASSOCIATEDBC*20131021*1137*158505038*X*004010X091A1~ST*835*0001~BPR*I*60.32*C*CHK************20131017~TRN*1*0062570294*1220999690*8352013101804004097~REF*EV*1477603942~DTM*405*20131017~N1*PR*HORIZON BCBSNJ~N3*PAYOR ADDRESS 1~N4*NEWARK*NJ*071010420~REF*2U*22099~N1*PE*K G WAY PHD*XX*1477603942~N3*38 JUNIPER LN~N4*PISCATAWAY*NJ*088545632~REF*PQ*2645237360~REF*TJ*264523736~LX*1~CLP*115500A130930*1*150*30.16**15*780271328972395   00**1~NM1*QC*1*BERBAUM*JOANNE*I***MI*3HZN029957300~NM1*74*1*BERBAUM*JOANNE****C*3HZN02995730~NM1*82*2*K G WAY PHD*****XX*1477603942~DTM*050*20131016~DTM*232*20130920~DTM*233*20130920~PER*CX*MEDIGAP PLAN C 933*TE*8006241110~AMT*AU*85.05~AMT*T2*30.16~SVC*HC:99199*150*30.16**1*HC:90834~DTM*472*20130920~CAS*OA*23*119.84~REF*6R*0~REF*HPI*1477603942~AMT*B6*85.05~CLP*152423142W*1*150*30.16**15*780271328979103   00**1~NM1*QC*1*BERBAUM*JOANNE*I***MI*3HZN029957300~NM1*74*1*BERBAUM*JOANNE****C*3HZN02995730~NM1*82*2*K G WAY PHD*****XX*1477603942~DTM*050*20131016~DTM*232*20130719~DTM*233*20130719~PER*CX*MEDIGAP PLAN C 933*TE*8006241110~AMT*AU*85.05~AMT*T2*30.16~SVC*HC:99199*150*30.16**1*HC:90834~DTM*472*20130719~CAS*OA*23*119.84~REF*6R*LX#01~REF*HPI*1477603942~AMT*B6*85.05~SE*48*0001~ST*835*0002~BPR*I*210*C*CHK************20131018~TRN*1*0062588367*1220999690*8352013101911264151~REF*EV*1477603942~DTM*405*20131018~N1*PR*HORIZON BCBSNJ~N3*PAYOR ADDRESS 1~N4*NEWARK*NJ*071010420~REF*2U*22099~N1*PE*K G WAY PHD*XX*1477603942~N3*38 JUNIPER LN~N4*PISCATAWAY*NJ*088545632~REF*PQ*2645237360~REF*TJ*264523736~LX*1~CLP*130200A131007*1*150*105*45*12*780261328268359   00**1~NM1*QC*1*AHAMMAD*NAUREEN****MI*DUG3HZN33652130~NM1*IL*1*AHAMMAD*MOHAMMED T.****MI*3HZN336521300~NM1*74*1*AHAMMAD*MOHAMMED*T***C*3HZN336521300~NM1*82*2*K G WAY PHD*****XX*1477603942~DTM*050*20131009~DTM*232*20130926~DTM*233*20130926~PER*CX*NATIONAL ACCOUNTS SERVICED IN MT.LAUREL*TE*8006244758~AMT*AU*150~AMT*T2*105~SVC*HC:99199*150*105**1*HC:90834~DTM*472*20130926~CAS*PR*2*45~REF*6R*0~REF*HPI*1477603942~AMT*B6*150~CLP*131300A131007*1*150*105*45*12*780261328328093   00**1~NM1*QC*1*AHAMMAD*NAUREEN****MI*DUG3HZN33652130~NM1*IL*1*AHAMMAD*MOHAMMED T.****MI*3HZN336521300~NM1*74*1*AHAMMAD*MOHAMMED*T***C*3HZN336521300~NM1*82*2*K G WAY PHD*****XX*1477603942~DTM*050*20131009~DTM*232*20131001~DTM*233*20131001~PER*CX*NATIONAL ACCOUNTS SERVICED IN MT.LAUREL*TE*8006244758~AMT*AU*150~AMT*T2*105~SVC*HC:99199*150*105**1*HC:90834~DTM*472*20131001~CAS*PR*2*45~REF*6R*0~REF*HPI*1477603942~AMT*B6*150~SE*50*0002~ST*835*0003~BPR*I*550*C*CHK************20131018~TRN*1*05594802*1135511997*13551~REF*EV*133052274~DTM*405*20131018~N1*PR*GROUP HEALTH INC*XV*135511997~N3*441 NINTH AVE~N4*NEW YORK*NY*10001~REF*2U*13551~REF*EO*13551~N1*PE*DANIEL EDELMAN PSYD PC*XX*9999999995~N3*13 EAGLE TER~N4*WEST ORANGE*NJ*070525006~REF*PQ*7350953~REF*TJ*203009626~LX*1~CLP*762620594*1*450*150*45*12*EMC0405569*11~NM1*QC*1*TRINCHER*RONEN****MI*930919742~NM1*IL*1*TRINCHER*RONEN****MI*930919742~NM1*82*1*EDELMAN*DANIEL****XX*1629041165~REF*G2*7350956~DTM*050*20131016~DTM*232*20130920~DTM*233*20131011~SVC*HC:90834*150*50**1~DTM*472*20130920~CAS*CO*45*85~CAS*PR*3*15~REF*6R*722762620594~AMT*B6*65~SVC*HC:90834*150*50**1~DTM*472*20130927~CAS*CO*45*85~CAS*PR*3*15~REF*6R*723762620594~AMT*B6*65~SVC*HC:90834*150*50**1~DTM*472*20131011~CAS*CO*45*85~CAS*PR*3*15~REF*6R*725762620594~AMT*B6*65~CLP*762620501*1*600*200*60*12*EMC0405567*11~NM1*QC*1*MERCEDES*ENMANUEL****MI*932141825~NM1*IL*1*MERCEDES*EMMANUEL****MI*932141825~NM1*82*1*EDELMAN*DANIEL****XX*1629041165~REF*G2*7350956~DTM*050*20131016~DTM*232*20130919~DTM*233*20131010~SVC*HC:90834*150*50**1~DTM*472*20130919~CAS*CO*45*85~CAS*PR*3*15~REF*6R*569762620501~AMT*B6*65~SVC*HC:90834*150*50**1~DTM*472*20130926~CAS*CO*45*85~CAS*PR*3*15~REF*6R*570762620501~AMT*B6*65~SVC*HC:90834*150*50**1~DTM*472*20131003~CAS*CO*45*85~CAS*PR*3*15~REF*6R*571762620501~AMT*B6*65~SVC*HC:90834*150*50**1~DTM*472*20131010~CAS*CO*45*85~CAS*PR*3*15~REF*6R*572762620501~AMT*B6*65~CLP*762620453*1*600*200*60*12*EMC0405568*11~NM1*QC*1*BRODEUR*BRIAN*A***MI*930491883~NM1*IL*1*SCRAGG*SANDRA****MI*930491883~NM1*82*1*EDELMAN*DANIEL****XX*1629041165~REF*G2*7350956~DTM*050*20131016~DTM*232*20130918~DTM*233*20131008~SVC*HC:90834*150*50**1~DTM*472*20130918~CAS*CO*45*85~CAS*PR*3*15~REF*6R*447762620453~AMT*B6*65~SVC*HC:90834*150*50**1~DTM*472*20130924~CAS*CO*45*85~CAS*PR*3*15~REF*6R*448762620453~AMT*B6*65~SVC*HC:90834*150*50**1~DTM*472*20131001~CAS*CO*45*85~CAS*PR*3*15~REF*6R*450762620453~AMT*B6*65~SVC*HC:90834*150*50**1~DTM*472*20131008~CAS*CO*45*85~CAS*PR*3*15~REF*6R*451762620453~AMT*B6*65~SE*107*0003~ST*835*0004~BPR*I*49*C*ACH*CCP*01*031100225*DA*2079950064280/*1220999690**01*231372691*DA*0181143836*20131019~TRN*1*0004413504*1220999690*8352013102002340814~REF*EV*1902991391~DTM*405*20131019~N1*PR*HORIZON BCBSNJ~N3*PAYOR ADDRESS 1~N4*NEWARK*NJ*071010420~REF*2U*22099~N1*PE*M M WIESE WAIBEL LCSW*XX*1902991391~N3*800 RARITAN RD~N4*CLARK*NJ*070661710~REF*PQ*2621359190~REF*TJ*262135919~LX*1~CLP*144200A131016*1*125*49*20*12*780261329175997   00**1~NM1*QC*1*GWALDIS*LISA****MI*HBX3HZN28656930~NM1*82*2*M M WIESE WAIBEL LCSW*****XX*1902991391~DTM*050*20131018~DTM*232*20131003~DTM*233*20131003~PER*CX*NATIONAL ACCOUNTS SERVICED IN MT.LAUREL*TE*8006244758~AMT*AU*69~AMT*T2*49~SVC*HC:99199*125*49**1*HC:90834~DTM*472*20131003~CAS*PR*3*20~CAS*CO*45*56~REF*6R*0~REF*HPI*1902991391~AMT*B6*69~SE*32*0004~ST*835*0005~BPR*H*0*C*NON************20131019~TRN*1*0015586191*1220999690*8352013102003183945~REF*EV*1467635987~DTM*405*20131019~N1*PR*HORIZON BCBSNJ~N3*PAYOR ADDRESS 1~N4*NEWARK*NJ*071010420~REF*2U*22099~N1*PE*H K LOPES LPC*XX*1467635987~N3*77 N MAIN ST~N4*MILLTOWN*NJ*088501521~REF*PQ*4540820350~REF*TJ*454082035~LX*1~CLP*NJX3HZN86113210*1*125*0*125*13*780281328903281   00**1~NM1*QC*1*STEINER*SARA****MI*3HZN86113210~NM1*IL*1*STEINER*VINCENE*A***MI*3HZN861132100~NM1*82*2*H K LOPES LPC*****XX*1467635987~DTM*050*20131015~DTM*232*20130614~DTM*233*20130614~PER*CX*NJ DIRECT*TE*8006241110~SVC*HC:99199*125*0**1*HC:90834~DTM*472*20130614~CAS*PR*22*125~REF*6R*000001~REF*HPI*1467635987~CLP*NJX3HZN24221580*4*125*0**13*780281328903618   00**1~NM1*QC*1*WHITE*GWYNE****MI*3HZN24221580~NM1*82*2*H K LOPES LPC*****XX*1467635987~DTM*050*20131015~DTM*232*20130824~DTM*233*20130824~PER*CX*NJ DIRECT*TE*8006241110~SVC*HC:99199*125*0**1*HC:90834~DTM*472*20130824~CAS*OA*18*125~REF*6R*000001~REF*HPI*1467635987~SE*41*0005~GE*5*158505038~IEA*1*158505038~
