ISA*00*          *00*          *ZZ*330897513      *ZZ*ASSOCIATEDBC   *131022*1125*U*00401*158674710*0*P*:~GS*HP*330897513*ASSOCIATEDBC*20131022*1125*158674710*X*004010X091A1~ST*835*0001~BPR*I*60*C*CHK************20131019~TRN*1*541057*1942649097*000087726~DTM*405*20131019~N1*PR*UNITED HEALTHCARE INSURANCE COMPANY*XV*87726~N3*P.O. BOX 30535~N4*SALT LAKE CITY*UT*84130~REF*2U*87726~REF*EO*1805600001~N1*PE*MAUREEN WIESE WAIBEL*XX*1902991391~N3*800 RARITAN RD~N4*CLARK*NJ*070661710~REF*TJ*262135919~LX*1~CLP*144600A131016*1*125*60**15*13X384169000*11~NM1*QC*1*COSBY*SHANNON****MI*145849730~REF*1L*12160~REF*BB*RWMT4E-01~REF*CE*NATL STD-MSW~DTM*050*20131017~AMT*AU*60~SVC*HC:90834:HJ*125*60**1~DTM*472*20131003~CAS*CO*45*65~REF*6R*0~AMT*B6*60~SE*27*0001~ST*835*0002~BPR*I*70.2*C*CHK************20131019~TRN*1*1152558*1942649097*000087726~DTM*405*20131019~N1*PR*UNITED HEALTHCARE INSURANCE COMPANY*XV*87726~N3*P.O. BOX 30535~N4*SALT LAKE CITY*UT*84130~REF*2U*87726~REF*EO*1805600001~N1*PE*HEATHER K. LOPES*XX*1467635987~N3*114 NATHAN DR~N4*NORTH BRUNSWICK*NJ*089021227~REF*TJ*454082035~LX*1~CLP*149000A131016*1*125*70.2*54.8*15*13X383738500*11~NM1*QC*1*CRUPE*MICHAEL****MI*235988378~NM1*74*1*CRUPE*MICHAEL*A***C*235988378~REF*1L*10930~REF*CE*UCR @ 80TH PERCENTILE, MA~DTM*050*20131017~AMT*AU*117~SVC*HC:90834*125*70.2**1~DTM*472*20130930~CAS*PR*2*46.8**45*8~REF*6R*0~AMT*B6*117~SE*27*0002~ST*835*0003~BPR*I*62.56*C*CHK************20131019~TRN*1*186100*1942649097*000087726~DTM*405*20131019~N1*PR*UNITED HEALTHCARE INSURANCE COMPANY*XV*87726~N3*P.O. BOX 30535~N4*SALT LAKE CITY*UT*84130~REF*2U*87726~REF*EO*1805600001~N1*PE*KATHERINE HEEG*XX*1457686560~N3*491 AMWELL RD~N4*HILLSBOROUGH*NJ*088448212~REF*TJ*263895688~LX*1~CLP*0*1*150*62.56*87.44*15*13X383100600*11~NM1*QC*1*MOODY*CAROLYN*T***MI*14150473601~NM1*IL*1*MOODY*PAUL*A***MI*141504736~REF*1L*12613~REF*CE*UCR @ 90TH PERCENTILE, MA~DTM*050*20131014~AMT*AU*113.75~SVC*HC:90834*150*62.56**1~DTM*472*20131009~CAS*PR*2*51.19**45*36.25~REF*6R*1~AMT*B6*113.75~SE*27*0003~ST*835*0004~BPR*I*40*C*CHK************20131018~TRN*1*223851*1521996029*000087726~DTM*405*20131019~N1*PR*UNITED HEALTHCARE INSURANCE COMPANY*XV*87726~N3*P.O. BOX 30535~N4*SALT LAKE CITY*UT*84130~REF*2U*87726~REF*EO*1805600003~N1*PE*NANCY SAXTON LOPEZ*XX*1053490193~N3*6 PROSPECT ST STE 3B~N4*MIDLAND PARK*NJ*074321634~REF*TJ*096386775~LX*1~CLP*762651543*1*125*40*20*15*13X382076300*11~NM1*QC*1*DOCK*COURTNEY****MI*15362694803~NM1*IL*1*DOCK*JOHN****MI*N32206428~NM1*74*1*DOCK*JOHN E****C*153626948~REF*1L*12130~REF*BB*NOT REQUIRED~REF*CE*NATL STD-MSW~DTM*050*20131016~AMT*AU*60~SVC*HC:90834*125*40**1~DTM*472*20131012~CAS*PR*3*20~CAS*CO*45*65~REF*6R*691762651543~AMT*B6*60~SE*30*0004~GE*4*158674710~IEA*1*158674710~
