ISA*00*          *00*          *ZZ*330897513      *ZZ*ASSOCIATEDBC   *131022*0433*^*00501*158629300*0*P*:~GS*HP*330897513*ASSOCIATEDBC*20131022*0433*158629300*X*005010X221A1~ST*835*0001~BPR*I*106*C*ACH*CCP*01*002003119*DA*0040008488*1591031071**01*011200608*DA*191410030420*20131022~TRN*1*131017090000578*1591031071~REF*EV*870426777~REF*F2*1~DTM*405*20131018~N1*PR*CIGNA HEALTH AND LIFE INSURANCE COMPANY~N3*P. O. BOX 182223~N4*CHATTANOOGA*TN*374227223~PER*BL*HP*EM*CLAIMS.INTAKE.APP.SUPPORT@HP.COM~PER*IC**UR*WWW.CIGNAFORHCP.COM~N1*PE*KARIN D RAPEL KINNEY MSW*XX*1063567766~N3*191 VALLEY RD~N4*RAYMOND*ME*040716163~REF*TJ*141784965~LX*1~CLP*134600A131011*1*90*43*20*13*8651328596127*11*1~NM1*QC*1*GARDNER*TINA****MI*U4775184602~NM1*IL*1*GARDNER, JR.*THOMAS****MI*U4775184601~NM1*82*1*RAPEL KINNEY*KARIN*D***FI*141784965~REF*1L*3334944~REF*CE*OPEN ACCESS PLUS~DTM*050*20131012~DTM*232*20131007~DTM*233*20131007~PER*CX*MEMBER SERVICES*TE*8002446224~AMT*AU*63~SVC*HC:90834*90*43**1~CAS*CO*45*27~CAS*PR*3*20~REF*6R*0~AMT*B6*63~CLP*134900A131011*1*90*63**13*8431328594921*11*1~NM1*QC*1*ALBERT*KAREN****MI*U4198771101~NM1*82*1*RAPEL KINNEY*KARIN*D***FI*141784965~REF*1L*2498647~REF*CE*OPEN ACCESS PLUS~DTM*050*20131012~DTM*232*20131008~DTM*233*20131008~PER*CX*MEMBER SERVICES*TE*8002446224~AMT*AU*63~SVC*HC:90834*90*63**1~CAS*CO*45*27~REF*6R*0~AMT*B6*63~SE*47*0001~ST*835*0002~BPR*I*72*C*CHK************20131017~TRN*1*715520275*1591031071~REF*EV*562291693~REF*F2*GWFC~DTM*405*20131017~N1*PR*GREATWESTHEALTHCARE-CIGNA~N3*8505 E. ORCHARD RD~N4*GREENWOOD VILLAGE*CO*80111~REF*2U*80705~PER*BL*HP*EM*CLAIMS.INTAKE.APP.SUPPORT@HP.COM~PER*IC**UR*WWW.CIGNAFORHCP.COM~PER*CX*GWHC_EDIPROD*EM*GWHC_EDIPROD@CIGNA.COM*TE*3035665635~N1*PE*DANIEL M. EDELMAN*XX*1891744421~N3*13 EAGLE TER~N4*WEST ORANGE*NJ*070525006~REF*PQ*200004352443~REF*TJ*203009626~LX*0~CLP*762620600*1*150*72*8*13*130663928200*11~NM1*QC*1*ZWEIG*JASON****MI*1013539000~NM1*82*1*EDELMAN*DANIEL****XX*1629041165~REF*1L*00605740~REF*CE*OPEN ACCESS PLUS~DTM*050*20131016~AMT*AU*80~SVC*HC:90834*150*72**1~DTM*472*20130930~CAS*CO*45*70~CAS*PR*2*8~REF*6R*740762620600~AMT*B6*80~SE*33*0002~ST*835*0003~BPR*I*60*C*CHK************20131017~TRN*1*715520276*1591031071~REF*EV*562291693~REF*F2*GWFC~DTM*405*20131017~N1*PR*GREATWESTHEALTHCARE-CIGNA~N3*8505 E. ORCHARD RD~N4*GREENWOOD VILLAGE*CO*80111~REF*2U*80705~PER*BL*HP*EM*CLAIMS.INTAKE.APP.SUPPORT@HP.COM~PER*IC**UR*WWW.CIGNAFORHCP.COM~PER*CX*GWHC_EDIPROD*EM*GWHC_EDIPROD@CIGNA.COM*TE*3035665635~N1*PE*DANIEL M. EDELMAN*XX*1891744421~N3*13 EAGLE TER~N4*WEST ORANGE*NJ*070525006~REF*PQ*200004352443~REF*TJ*203009626~LX*0~CLP*762620503*1*150*60*20*13*130663859000*11~NM1*QC*1*NARCISSE-BERRIA*SHARON****MI*1013237470~NM1*82*1*EDELMAN*DANIEL****XX*1629041165~REF*1L*00606279~REF*CE*OPEN ACCESS PLUS~DTM*050*20131016~AMT*AU*80~SVC*HC:90834*150*60**1~DTM*472*20130927~CAS*CO*45*70~CAS*PR*3*20~REF*6R*576762620503~AMT*B6*80~SE*33*0003~GE*3*158629300~IEA*1*158629300~
