ISA*00*          *00*          *ZZ*330897513      *ZZ*ASSOCIATEDBC   *131022*1124*^*00501*158674708*0*P*:~
GS*HP*330897513*ASSOCIATEDBC*20131022*1124*158674708*X*005010X221A1~
ST*835*0001~
BPR*I*159.48*C*ACH*CCP*01*061000052*DA*3299115453*1311705652**01*011200608*DA*191410030420*20131018~
TRN*1*3315570479*1311705652~
REF*EV*AE02079C~
DTM*405*20131018~
N1*PR*ANTHEM BCBS OF MAINE~
N3*2 GANNETT DRIVE~
N4*SOUTH PORTLAND*ME*041066909~
PER*CX*EDI HELP DESK*TE*8003348262~
PER*BL*EDI SOLUTIONS*TE*8003348262*EM*EDIHELPDESK-NE@WELLPOINT.COM~
N1*PE*KINNEY KARIN R*XX*1063567766~
N3*191 VALLEY RD~
N4*RAYMOND*ME*040710000~
REF*TJ*141784965~
LX*1~
CLP*135200A131011*1*90*48.16*25*12*P354318500*11*1~
NM1*QC*1*BROWN*CHRIS****MI*XVH0000001679~
NM1*74*1*BROWN*CHRISTOPHER~
NM1*82*1*RAPEL-KINNEY LCPC*KARIN****BS*24Z099397ME01~
DTM*050*20131014~
DTM*232*20131010~
DTM*233*20131010~
SVC*HC:90834*90*48.16~
DTM*472*20131010~
CAS*PR*3*25~
CAS*CO*45*16.84~
REF*6R*0~
AMT*B6*73.16~
LX*2~
CLP*134200A131011*1*90*53.16*20*12*P354318400*11*1~
NM1*QC*1*BROWN*GAIL****MI*XVH0364M20200~
NM1*82*1*RAPEL-KINNEY LCPC*KARIN****BS*24Z099397ME01~
DTM*050*20131014~
DTM*232*20131003~
DTM*233*20131003~
SVC*HC:90834*90*53.16~
DTM*472*20131003~
CAS*PR*3*20~
CAS*CO*45*16.84~
REF*6R*0~
AMT*B6*73.16~
LX*3~
CLP*133900A131011*1*90*58.16*15*12*P354326400*11*1~
NM1*QC*1*TRAFFORD*MIKAYLA****MI*XVH0488M49251~
NM1*IL*1*TRAFFORD*DAVID****MI*XVH0488M49251~
NM1*82*1*RAPEL-KINNEY LCPC*KARIN****BS*24Z099397ME01~
DTM*050*20131014~
DTM*232*20131003~
DTM*233*20131003~
SVC*HC:90834*90*58.16~
DTM*472*20131003~
CAS*PR*3*15~
CAS*CO*45*16.84~
REF*6R*0~
AMT*B6*73.16~
SE*56*0001~
GE*12*158674708~
IEA*1*158674708~

