ISA*00*          *00*          *ZZ*330897513      *ZZ*ASSOCIATEDBC   *131022*2143*^*00501*158775351*0*P*:~GS*HP*330897513*ASSOCIATEDBC*20131022*2143*158775351*X*005010X221A1~ST*835*0001~BPR*H*0*C*NON************20131023~TRN*1*012756750*1216000928~REF*EV*9904204~DTM*405*20131018~N1*PR*NEW JERSEY MEDICAID~N3*3705 QUAKERBRIDGE ROAD, SUITE 101~N4*TRENTON*NJ*086191288~PER*CX*NEW JERSEY MEDICAID PROVIDER SERVICES*TE*8007766334~PER*BL*NEW JERSEY EDI UNIT*TE*6095886051*EM*NJMMISEDI@MOLINAHEALTHCARE.COM*FX*6095848268~PER*IC**UR*WWW.NJMMIS.COM~N1*PE*WAY          KAREN      GPHD*XX*1477603942~REF*PQ*0225177~REF*TJ*008388097~LX*1~CLP*102400A130923*2*150*0**MC*201328722672101-0670*11*1~NM1*QC*1*GRIMALDI*JENNIFER*J***MR*212080697401~REF*EA*0213268015440~DTM*232*20130909~DTM*233*20130909~SVC*HC:90834*150*0**1**0~DTM*472*20130909~CAS*CO*45*150~REF*6R*0~LQ*HE*M86~CLP*103200A130923*2*150*0**MC*201328722672201-0670*11*1~NM1*QC*1*ZABOROWSKI*RAYMOND*T***MR*122077125801~REF*EA*0213268015480~DTM*232*20130911~DTM*233*20130911~SVC*HC:90834*150*0**1**0~DTM*472*20130911~CAS*CO*45*150~REF*6R*0~LQ*HE*M86~CLP*103500A130923*2*150*0**MC*201328721587801-03060670*11*1~NM1*QC*1*FRAMPTON*STEPHEN****MR*152030463701~REF*EA*0213268015490~DTM*232*20130912~DTM*233*20130912~SVC*HC:90834*150*0**1**0~DTM*472*20130912~CAS*CO*45*150~REF*6R*0~LQ*HE*MA80~LQ*HE*M86~CLP*114800A130930*2*150*0**MC*201329022562601-0670*11*1~NM1*QC*1*ZABOROWSKI*RAYMOND*T***MR*122077125801~REF*EA*0913274461510~DTM*232*20130918~DTM*233*20130918~SVC*HC:90834*150*0**1**0~DTM*472*20130918~CAS*CO*45*150~REF*6R*0~LQ*HE*M86~SE*57*0001~GE*1*158775351~IEA*1*158775351~
