ISA*00*          *00*          *ZZ*330897513      *ZZ*ASSOCIATEDBC   *131023*0324*^*00501*158797455*0*P*:~GS*HP*330897513*ASSOCIATEDBC*20131023*0324*158797455*X*005010X221A1~ST*835*0001~BPR*I*329.36*C*ACH*CCP*01*081517693*DA*152302017073*1205296137**01*221271935*DA*023856318*20131021~TRN*1*886049372*1205296137~REF*EV*1929361~DTM*405*20131018~N1*PR*NOVITAS SOLUTIONS, INC.~N3*PO BOX 3031~N4*MECHANICSBURG*PA*170551803~REF*2U*12402~PER*CX**TE*8772358073~PER*BL*NOVITAS SOLUTIONS, INC. EDI SERVICES*TE*8772358073*EX*1*EM*WEBSITEEDI@NOVITAS_SOLUTIONS.COM~N1*PE*NANCY J. SAXTON LOPEZ  CSW*XX*1053490193~N3*SUITE 3C*6 PROSPECT STREET~N4*MIDLAND PARK*NJ*074321634~REF*TJ*096386775~LX*1~CLP*0*19*250*82.34*45.24*MB*0813263007350*11~NM1*QC*1*BOCCHINO*MARIANNE****HN*156327016A~NM1*TT*2*HORIZON BCBS OF NEW JERSEY*****PI*80003~MOA***MA01*MA18~DTM*050*20130920~SVC*HC:90834*125*41.17**1~DTM*472*20130904~CAS*CO*45*60.37**223*0.84~CAS*PR*2*10.5**122*12.12~REF*6R*LX#01~REF*LU*11~AMT*B6*64.63~SVC*HC:90834*125*41.17**1~DTM*472*20130911~CAS*CO*45*60.37**223*0.84~CAS*PR*2*10.5**122*12.12~REF*6R*LX#02~REF*LU*11~AMT*B6*64.63~CLP*0*19*125*41.17*22.62*MB*0813263007130*11~NM1*QC*1*DANIEL*JANE****HN*058402469T~NM1*TT*2*UNITEDHEALTHCARE*****PI*00082~MOA***MA01*MA18~DTM*050*20130920~SVC*HC:90834*125*41.17**1~DTM*472*20130712~CAS*CO*45*60.37**223*0.84~CAS*PR*2*10.5**122*12.12~REF*6R*LX#01~REF*LU*11~AMT*B6*64.63~CLP*NANCY SAXT0NL*19*125*41.17*22.62*MB*0813263007280*11~NM1*QC*1*DANIEL*JANE****HN*058402469T~NM1*TT*2*UNITEDHEALTHCARE*****PI*00082~MOA***MA01*MA18~DTM*050*20130920~SVC*HC:90834*125*41.17**1~DTM*472*20130909~CAS*CO*45*60.37**223*0.84~CAS*PR*2*10.5**122*12.12~REF*6R*LX#01~REF*LU*11~AMT*B6*64.63~CLP*075404819 T*19*125*41.17*22.62*MB*0813263007290*11~NM1*QC*1*HEMPHILL*PATRICIA****HN*075404819T~NM1*TT*2*UNITEDHEALTH GROUP*****PI*30002~MOA***MA01*MA18~DTM*050*20130920~SVC*HC:90834*125*41.17**1~DTM*472*20130912~CAS*CO*45*60.37**223*0.84~CAS*PR*2*10.5**122*12.12~REF*6R*LX#01~REF*LU*11~AMT*B6*64.63~CLP*NANCY SAXT0N*1*250*82.34*45.24*MB*0813263007310*11~NM1*QC*1*LAURITANO*AMY****HN*141844679A~MOA***MA01~DTM*050*20130920~SVC*HC:90834*125*41.17**1~DTM*472*20130905~CAS*CO*45*60.37**223*0.84~CAS*PR*2*10.5**122*12.12~REF*6R*LX#01~REF*LU*11~AMT*B6*64.63~SVC*HC:90834*125*41.17**1~DTM*472*20130913~CAS*CO*45*60.37**223*0.84~CAS*PR*2*10.5**122*12.12~REF*6R*LX#02~REF*LU*11~AMT*B6*64.63~CLP*0*19*125*41.17*22.62*MB*0813263007320*11~NM1*QC*1*LAURITANO*BETSY****HN*147344697A~NM1*TT*2*HORIZON BCBS OF NEW JERSEY*****PI*30013~MOA***MA01*MA18~DTM*050*20130920~SVC*HC:90834*125*41.17**1~DTM*472*20130907~CAS*CO*45*60.37**223*0.84~CAS*PR*2*10.5**122*12.12~REF*6R*LX#01~REF*LU*11~AMT*B6*64.63~SE*102*0001~ST*835*0002~BPR*I*427.31*C*ACH*CCP*01*081517693*DA*152302017073*1205296137**01*021200339*DA*381006409421*20131021~TRN*1*886052245*1205296137~REF*EV*1929361~DTM*405*20131018~N1*PR*NOVITAS SOLUTIONS, INC.~N3*PO BOX 3031~N4*MECHANICSBURG*PA*170551803~REF*2U*12402~PER*CX**TE*8772358073~PER*BL*NOVITAS SOLUTIONS, INC. EDI SERVICES*TE*8772358073*EX*1*EM*WEBSITEEDI@NOVITAS_SOLUTIONS.COM~N1*PE*CYNTHIA M. BRATMAN  CP*XX*1184788275~N3*SUITE 209*20 NASSAU ST~N4*PRINCETON*NJ*085424509~REF*TJ*200286572~LX*1~CLP*0*19*1050*320.46*176.1*MB*0813263017510*11~NM1*QC*1*KUDRA*TARA****HN*194584895A~NM1*TT*2*COMMONWEALTH OF PENNSYLVANIA*****PI*70031~MOA***MA01*MA27*MA07~DTM*050*20130920~AMT*I*0.02~SVC*HC:90834*175*53.41**1~DTM*472*20130903~CAS*CO*45*91.15**223*1.09~CAS*PR*2*13.63**122*15.72~REF*6R*LX#01~REF*LU*11~AMT*B6*83.85~SVC*HC:90834*175*53.41**1~DTM*472*20130904~CAS*CO*45*91.15**223*1.09~CAS*PR*2*13.63**122*15.72~REF*6R*LX#02~REF*LU*11~AMT*B6*83.85~SVC*HC:90834*175*53.41**1~DTM*472*20130905~CAS*CO*45*91.15**223*1.09~CAS*PR*2*13.63**122*15.72~REF*6R*LX#03~REF*LU*11~AMT*B6*83.85~SVC*HC:90834*175*53.41**1~DTM*472*20130909~CAS*CO*45*91.15**223*1.09~CAS*PR*2*13.63**122*15.72~REF*6R*LX#04~REF*LU*11~AMT*B6*83.85~SVC*HC:90834*175*53.41**1~DTM*472*20130911~CAS*CO*45*91.15**223*1.09~CAS*PR*2*13.63**122*15.72~REF*6R*LX#05~REF*LU*11~AMT*B6*83.85~SVC*HC:90834*175*53.41**1~DTM*472*20130912~CAS*CO*45*91.15**223*1.09~CAS*PR*2*13.63**122*15.72~REF*6R*LX#06~REF*LU*11~AMT*B6*83.85~CLP*CYNTH1A BRATM*19*350*106.82*58.7*MB*0813263017520*11~NM1*QC*1*LICHTENSTEIN*KAREN****HN*119242787C1~NM1*TT*2*NJ DEPT. OF HUMAN SERVICES*****PI*70077~MOA***MA01*MA07~DTM*050*20130920~AMT*I*0.01~SVC*HC:90834*175*53.41**1~DTM*472*20130904~CAS*CO*45*91.15**223*1.09~CAS*PR*2*13.63**122*15.72~REF*6R*LX#01~REF*LU*11~AMT*B6*83.85~SVC*HC:90834*175*53.41**1~DTM*472*20130912~CAS*CO*45*91.15**223*1.09~CAS*PR*2*13.63**122*15.72~REF*6R*LX#02~REF*LU*11~AMT*B6*83.85~PLB*1184788275*20131231*L6*-0.03~SE*86*0002~ST*835*0003~BPR*I*2649.64*C*ACH*CCP*01*011900571*DA*0053724*1061274678*MEDICAID1*01*021101108*DA*1010125763185*20131022~TRN*1*01190057021101108  005954491*1061274678*MEDICAID1~DTM*405*20131018~N1*PR*CT DSS MMIS CONTRACT ADMINISTRATOR~N3*25 SIGOURNEY ST~N4*HARTFORD*CT*53570~REF*EO*752548221~PER*CX*HP PROVIDER ASSISTANCE CENTER*TE*8008428440~PER*BL*EDI HELP DESK*TE*8006880503~N1*PE*SHUPTAR                  TRINA        L*XX*1891844023~N3*6 WHIPPOORWILL LANE~N4*BROOKFIELD*CT*06804~REF*PQ*104100000X,068041302~REF*TJ*303663637~LX*1~CLP*002179677*1*187.5*94.63**MC*1013281350550*11~NM1*QC*1*WA*A****MR*002179677~NM1*74*1*WASSONG*AIMEE~DTM*050*20131011~DTM*232*20130926~DTM*233*20130926~SVC*HC:90837:AJ*187.5*94.63**1~DTM*472*20130926~CAS*CO*172*92.87~AMT*B6*94.63~CLP*003307870*1*375*189.26**MC*1013281350560*11~NM1*QC*1*WA*S****MR*003307870~NM1*74*1*WASSONG*SEVEN~DTM*050*20131011~DTM*232*20130917~DTM*233*20130924~SVC*HC:90837:AJ*187.5*94.63**1~DTM*472*20130917~CAS*CO*172*92.87~AMT*B6*94.63~SVC*HC:90837:AJ*187.5*94.63**1~DTM*472*20130924~CAS*CO*172*92.87~AMT*B6*94.63~CLP*003665919*1*187.5*94.63**MC*1013281350570*11~NM1*QC*1*WI*I****MR*003665919~NM1*74*1*WILKINS*ISAIAH~DTM*050*20131011~DTM*232*20130919~DTM*233*20130919~SVC*HC:90837:AJ*187.5*94.63**1~DTM*472*20130919~CAS*CO*172*92.87~AMT*B6*94.63~CLP*002904649*1*375*189.26**MC*1013281350680*11~NM1*QC*1*BA*W****MR*002904649~NM1*74*1*BAUMGART*WILLIAM~DTM*050*20131011~DTM*232*20130917~DTM*233*20130924~SVC*HC:90837:AJ*187.5*94.63**1~DTM*472*20130917~CAS*CO*172*92.87~AMT*B6*94.63~SVC*HC:90837:AJ*187.5*94.63**1~DTM*472*20130924~CAS*CO*172*92.87~AMT*B6*94.63~CLP*003701579*1*187.5*94.63**MC*1013281350690*11~NM1*QC*1*BL*C****MR*003701579~NM1*74*1*BLANK*CHRISTIANA~DTM*050*20131011~DTM*232*20130919~DTM*233*20130919~SVC*HC:90837:AJ*187.5*94.63**1~DTM*472*20130919~CAS*CO*172*92.87~AMT*B6*94.63~CLP*002862617*1*375*189.26**MC*1013281350700*11~NM1*QC*1*HE*A****MR*002862617~NM1*74*1*HEFFERMEHL*AUDREY~DTM*050*20131011~DTM*232*20130923~DTM*233*20130926~SVC*HC:90837:AJ*187.5*94.63**1~DTM*472*20130923~CAS*CO*172*92.87~AMT*B6*94.63~SVC*HC:90837:AJ*187.5*94.63**1~DTM*472*20130926~CAS*CO*172*92.87~AMT*B6*94.63~CLP*002862620*1*562.5*283.89**MC*1013281350710*11~NM1*QC*1*HE*C****MR*002862620~NM1*74*1*HEFFERMEHL*CARL~DTM*050*20131011~DTM*232*20130916~DTM*233*20130930~SVC*HC:90837:AJ*187.5*94.63**1~DTM*472*20130916~CAS*CO*172*92.87~AMT*B6*94.63~SVC*HC:90837:AJ*187.5*94.63**1~DTM*472*20130925~CAS*CO*172*92.87~AMT*B6*94.63~SVC*HC:90837:AJ*187.5*94.63**1~DTM*472*20130930~CAS*CO*172*92.87~AMT*B6*94.63~CLP*002862621*1*187.5*94.63**MC*1013281350720*11~NM1*QC*1*HE*G****MR*002862621~NM1*74*1*HEFFERMEHL*GLEN~DTM*050*20131011~DTM*232*20130918~DTM*233*20130918~SVC*HC:90837:AJ*187.5*94.63**1~DTM*472*20130918~CAS*CO*172*92.87~AMT*B6*94.63~CLP*003375662*1*375*189.26**MC*1013281350730*11~NM1*QC*1*LE*A****MR*003375662~NM1*74*1*LEDOUX*AUGUST~DTM*050*20131011~DTM*232*20130918~DTM*233*20130925~SVC*HC:90837:AJ*187.5*94.63**1~DTM*472*20130918~CAS*CO*172*92.87~AMT*B6*94.63~SVC*HC:90837:AJ*187.5*94.63**1~DTM*472*20130925~CAS*CO*172*92.87~AMT*B6*94.63~CLP*003229497*1*375*189.26**MC*1013281350740*11~NM1*QC*1*LE*J****MR*003229497~NM1*74*1*LEDOUX*JENNA~DTM*050*20131011~DTM*232*20130917~DTM*233*20130924~SVC*HC:90837:AJ*187.5*94.63**1~DTM*472*20130917~CAS*CO*172*92.87~AMT*B6*94.63~SVC*HC:90837:AJ*187.5*94.63**1~DTM*472*20130924~CAS*CO*172*92.87~AMT*B6*94.63~CLP*002013789*1*187.5*94.63**MC*1013281350750*11~NM1*QC*1*MA*L****MR*002013789~NM1*74*1*MARENO*LOUISE~DTM*050*20131011~DTM*232*20130917~DTM*233*20130917~SVC*HC:90837:AJ*187.5*94.63**1~DTM*472*20130917~CAS*CO*172*92.87~AMT*B6*94.63~CLP*002935255*1*187.5*94.63**MC*1013281350760*11~NM1*QC*1*MA*M****MR*002935255~NM1*74*1*MARENO*MCKENZIE~DTM*050*20131011~DTM*232*20130923~DTM*233*20130923~SVC*HC:90837:AJ*187.5*94.63**1~DTM*472*20130923~CAS*CO*172*92.87~AMT*B6*94.63~CLP*003534321*1*187.5*94.63**MC*1013281350770*11~NM1*QC*1*OC*C****MR*003534321~NM1*74*1*OCONNOR*CLARE~DTM*050*20131011~DTM*232*20130918~DTM*233*20130918~SVC*HC:90837:AJ*187.5*94.63**1~DTM*472*20130918~CAS*CO*172*92.87~AMT*B6*94.63~CLP*003534314*1*187.5*94.63**MC*1013281350780*11~NM1*QC*1*OC*R****MR*003534314~NM1*74*1*OCONNOR*ROSEMARY~DTM*050*20131011~DTM*232*20130925~DTM*233*20130925~SVC*HC:90837:AJ*187.5*94.63**1~DTM*472*20130925~CAS*CO*172*92.87~AMT*B6*94.63~CLP*002712475*1*375*189.26**MC*1013281350800*11~NM1*QC*1*PR*Z****MR*002712475~NM1*74*1*PROSSER*ZACHARY~DTM*050*20131011~DTM*232*20130916~DTM*233*20130930~SVC*HC:90837:AJ*187.5*94.63**1~DTM*472*20130916~CAS*CO*172*92.87~AMT*B6*94.63~SVC*HC:90837:AJ*187.5*94.63**1~DTM*472*20130930~CAS*CO*172*92.87~AMT*B6*94.63~CLP*002414192*1*375*189.26**MC*1013281350810*11~NM1*QC*1*RA*A****MR*002414192~NM1*74*1*RAJCOK*ASHLEY~DTM*050*20131011~DTM*232*20130919~DTM*233*20130926~SVC*HC:90837:AJ*187.5*94.63**1~DTM*472*20130919~CAS*CO*172*92.87~AMT*B6*94.63~SVC*HC:90837:AJ*187.5*94.63**1~DTM*472*20130926~CAS*CO*172*92.87~AMT*B6*94.63~CLP*0*1*375*189.26**MC*1013281350820*11~NM1*QC*1*VE*C****MR*003882662~NM1*74*1*VELEZ*CARMEN~DTM*050*20131011~DTM*232*20130916~DTM*233*20130930~SVC*HC:90837:AJ*187.5*94.63**1~DTM*472*20130916~CAS*CO*172*92.87~AMT*B6*94.63~SVC*HC:90837:AJ*187.5*94.63**1~DTM*472*20130930~CAS*CO*172*92.87~AMT*B6*94.63~CLP*0*1*187.5*94.63**MC*2213290609304*11~NM1*QC*1*HEFFERMEHL*GLEN****MR*002862616~DTM*050*20131017~DTM*232*20130911~DTM*233*20130911~SVC*HC:90837:AJ*187.5*94.63**1~DTM*472*20130911~CAS*CO*172*92.87~AMT*B6*94.63~CLP*0*4*187.5*0**MC*1013281350530*11~NM1*QC*1*VE*J****MR*003882664~NM1*74*1*VELEZ-SCUDERI*JENNIFER~NM1*PR*2*AETNA LIFE  CASUALTY*****PI*0000000008~DTM*050*20131011~DTM*232*20130923~DTM*233*20130923~SVC*HC:90837*187.5*0**0**1~DTM*472*20130923~CAS*CO*22*187.5~CLP*003882663*4*375*0**MC*1013281350540*11~NM1*QC*1*VE*S****MR*003882663~NM1*74*1*VELEZ-SCUDERI*SERENA~NM1*PR*2*AETNA LIFE  CASUALTY*****PI*0000000008~DTM*050*20131011~DTM*232*20130918~DTM*233*20130925~SVC*HC:90837*187.5*0**0**1~DTM*472*20130918~CAS*CO*22*187.5~SVC*HC:90837*187.5*0**0**1~DTM*472*20130925~CAS*CO*22*187.5~CLP*002748092*4*187.5*0**MC*1013281350790*1~NM1*QC*1*PR*D****MR*002748092~NM1*74*1*PROSSER*DEAN~DTM*050*20131011~DTM*232*20130923~DTM*233*20130923~SVC*HC:90837*187.5*0**0**1~DTM*472*20130923~CAS*CO*125*187.5~SE*268*0003~GE*3*158797455~IEA*1*158797455~
