ISA*00*          *00*          *ZZ*330897513      *ZZ*ASSOCIATEDBC   *131024*0259*^*00501*158968000*0*P*:~GS*HP*330897513*ASSOCIATEDBC*20131024*0259*158968000*X*005010X221A1~ST*835*0001~BPR*I*20*C*CHK************20131023~TRN*1*149127*1522135463*IBC2~REF*EV*330897513~REF*F2*CAPS STL~DTM*405*20131023~N1*PR*MAGELLAN BEHAVIORAL HEALTH OF NEW JERSEY, LLC.~N3*P.O. BOX 1958~N4*MARYLAND HEIGHTS*MO*63043~PER*CX**TE*8006881911~PER*BL*MAGELLAN EDI*TE*3143875890~N1*PE*DOMINIC L SCOTTO, MSW*XX*1144262312~N3*9 PROFESSIONAL CIR*STE 206~N4*COLTS NECK*NJ*077222427~REF*TJ*743031241~LX*1~CLP*NA*1*140*20*50*HM*116738463~NM1*QC*1*RODRIGUEZ*ISAIAH****MI*121703520BG~NM1*IL*1*RODRIGUEZ*ZINA****MI*121703520BG~NM1*82*1*SCOTTO*DOMINIC L****XX*1144262312~REF*F8*13289001001148~DTM*050*20131016~DTM*232*20130930~DTM*233*20130930~SVC*HC:90791*140*20**1~DTM*472*20130930~CAS*CO*45*70~CAS*PR*3*50~REF*HPI*1144262312~AMT*B6*70~SE*31*0001~ST*835*0002~BPR*I*219.56*C*ACH*CCP*01*081517693*DA*152302017073*1205296137**01*221272303*DA*3010001018*20131022~TRN*1*886059658*1205296137~REF*EV*1929361~DTM*405*20131021~N1*PR*NOVITAS SOLUTIONS, INC.~N3*PO BOX 3031~N4*MECHANICSBURG*PA*170551803~REF*2U*12402~PER*CX**TE*8772358073~PER*BL*NOVITAS SOLUTIONS, INC. EDI SERVICES*TE*8772358073*EX*1*EM*WEBSITEEDI@NOVITAS_SOLUTIONS.COM~N1*PE*MAUREEN J. HUDAK  CP*XX*1013063346~N3*SUITE 2A*47 RARITAN AVE~N4*HIGHLAND PARK*NJ*089042440~REF*TJ*142460069~LX*1~CLP*088460853A*19*300*109.78*60.32*MB*0813266071110*11~NM1*QC*1*ARON*JOANNA****HN*088460853A~NM1*TT*2*GHI PPO*****PI*00035~MOA***MA01*MA27*MA18~DTM*050*20130923~SVC*HC:90834*150*54.89**1~DTM*472*20130904~CAS*CO*45*63.83**223*1.12~CAS*PR*2*14**122*16.16~REF*6R*LX#01~REF*LU*11~AMT*B6*86.17~SVC*HC:90834*150*54.89**1~DTM*472*20130906~CAS*CO*45*63.83**223*1.12~CAS*PR*2*14**122*16.16~REF*6R*LX#02~REF*LU*11~AMT*B6*86.17~CLP*136647622A*2*300*109.78*60.32*MB*0713266256550*11~NM1*QC*1*PETIT*BERNADETT****HN*136647622A~MOA***MA01*MA27~DTM*050*20130923~SVC*HC:90834*150*54.89**1~DTM*472*20130821~CAS*CO*45*63.83**223*1.12~CAS*OA*23*82.5**23*-82.5~CAS*PR*2*14**122*16.16~REF*6R*LX#01~REF*LU*11~AMT*B6*86.17~SVC*HC:90834*150*54.89**1~DTM*472*20130826~CAS*CO*45*63.83**223*1.12~CAS*OA*23*82.5**23*-82.5~CAS*PR*2*14**122*16.16~REF*6R*LX#02~REF*LU*11~AMT*B6*86.17~SE*56*0002~ST*835*0003~BPR*I*82.34*C*ACH*CCP*01*081517693*DA*152302017073*1205296137**01*221271935*DA*023856318*20131022~TRN*1*886055635*1205296137~REF*EV*1929361~DTM*405*20131021~N1*PR*NOVITAS SOLUTIONS, INC.~N3*PO BOX 3031~N4*MECHANICSBURG*PA*170551803~REF*2U*12402~PER*CX**TE*8772358073~PER*BL*NOVITAS SOLUTIONS, INC. EDI SERVICES*TE*8772358073*EX*1*EM*WEBSITEEDI@NOVITAS_SOLUTIONS.COM~N1*PE*NANCY J. SAXTON LOPEZ  CSW*XX*1053490193~N3*SUITE 3C*6 PROSPECT STREET~N4*MIDLAND PARK*NJ*074321634~REF*TJ*096386775~LX*1~CLP*NANCY SAXT0N4*19*125*41.17*22.62*MB*0813263007340*11~NM1*QC*1*BAUER JR*WALTER*W***HN*146286708A~NM1*TT*2*HORIZON BCBS OF NEW JERSEY*****PI*00019~MOA***MA01*MA27*MA18~DTM*050*20130920~SVC*HC:90834*125*41.17**1~DTM*472*20130904~CAS*CO*45*60.37**223*0.84~CAS*PR*2*10.5**122*12.12~REF*6R*LX#01~REF*LU*11~AMT*B6*64.63~CLP*0*19*125*41.17*22.62*MB*0813263007300*11~NM1*QC*1*KASPAR*TAMARA****HN*213561240A~NM1*TT*2*UNITEDHEALTH GROUP*****PI*30002~MOA***MA01*MA27*MA18~DTM*050*20130920~SVC*HC:90834*125*41.17**1~DTM*472*20130912~CAS*CO*45*60.37**223*0.84~CAS*PR*2*10.5**122*12.12~REF*6R*LX#01~REF*LU*11~AMT*B6*64.63~SE*41*0003~ST*835*0004~BPR*I*452.87*C*ACH*CCP*01*081517693*DA*152302017073*1205296137**01*021200339*DA*009001064684*20131022~TRN*1*886056422*1205296137~REF*EV*1929361~DTM*405*20131021~N1*PR*NOVITAS SOLUTIONS, INC.~N3*PO BOX 3031~N4*MECHANICSBURG*PA*170551803~REF*2U*12402~PER*CX**TE*8772358073~PER*BL*NOVITAS SOLUTIONS, INC. EDI SERVICES*TE*8772358073*EX*1*EM*WEBSITEEDI@NOVITAS_SOLUTIONS.COM~N1*PE*EUNICE P. EUROPA*XX*1205985884~N3*28 MORRIS ROAD~N4*TENAFLY*NJ*076702427~REF*TJ*141305923~LX*1~CLP*092368750M*19*450*123.51*67.86*MB*0813266070850*11~NM1*QC*1*FOX*LINDA****HN*092368750M~NM1*TT*2*NJ DEPT. OF HUMAN SERVICES*****PI*70079~MOA***MA01*MA07~DTM*050*20130923~SVC*HC:90834*150*41.17**1~DTM*472*20130903~CAS*CO*45*85.37**223*0.84~CAS*PR*2*10.5**122*12.12~REF*6R*LX#01~REF*LU*11~AMT*B6*64.63~SVC*HC:90834*150*41.17**1~DTM*472*20130904~CAS*CO*45*85.37**223*0.84~CAS*PR*2*10.5**122*12.12~REF*6R*LX#02~REF*LU*11~AMT*B6*64.63~SVC*HC:90834*150*41.17**1~DTM*472*20130911~CAS*CO*45*85.37**223*0.84~CAS*PR*2*10.5**122*12.12~REF*6R*LX#03~REF*LU*11~AMT*B6*64.63~CLP*155324974A*1*450*123.51*67.86*MB*0813266071190*11~NM1*QC*1*GOODNOUGH*SUSAN****HN*155324974A~MOA***MA01~DTM*050*20130923~SVC*HC:90834*150*41.17**1~DTM*472*20130903~CAS*CO*45*85.37**223*0.84~CAS*PR*2*10.5**122*12.12~REF*6R*LX#01~REF*LU*11~AMT*B6*64.63~SVC*HC:90834*150*41.17**1~DTM*472*20130904~CAS*CO*45*85.37**223*0.84~CAS*PR*2*10.5**122*12.12~REF*6R*LX#02~REF*LU*11~AMT*B6*64.63~SVC*HC:90834*150*41.17**1~DTM*472*20130911~CAS*CO*45*85.37**223*0.84~CAS*PR*2*10.5**122*12.12~REF*6R*LX#03~REF*LU*11~AMT*B6*64.63~CLP*156303340A*1*125*41.17*22.62*MB*0813266071100*11~NM1*QC*1*ST JOHN*CAROL*C***HN*156303340A~MOA***MA01*MA27~DTM*050*20130923~SVC*HC:90834*125*41.17**1~DTM*472*20130828~CAS*CO*45*60.37**223*0.84~CAS*PR*2*10.5**122*12.12~REF*6R*LX#01~REF*LU*11~AMT*B6*64.63~CLP*156303340A*1*250*82.34*45.24*MB*0813266071200*11~NM1*QC*1*ST JOHN*CAROL*C***HN*156303340A~MOA***MA01*MA27~DTM*050*20130923~SVC*HC:90834*125*41.17**1~DTM*472*20130903~CAS*CO*45*60.37**223*0.84~CAS*PR*2*10.5**122*12.12~REF*6R*LX#01~REF*LU*11~AMT*B6*64.63~SVC*HC:90834*125*41.17**1~DTM*472*20130911~CAS*CO*45*60.37**223*0.84~CAS*PR*2*10.5**122*12.12~REF*6R*LX#02~REF*LU*11~AMT*B6*64.63~CLP*153522271A*1*300*82.34*45.24*MB*0813266071210*11~NM1*QC*1*WINE*DONNA****HN*153522271A~MOA***MA01~DTM*050*20130923~SVC*HC:90834*150*41.17**1~DTM*472*20130904~CAS*CO*45*85.37**223*0.84~CAS*PR*2*10.5**122*12.12~REF*6R*LX#01~REF*LU*11~AMT*B6*64.63~SVC*HC:90834*150*41.17**1~DTM*472*20130911~CAS*CO*45*85.37**223*0.84~CAS*PR*2*10.5**122*12.12~REF*6R*LX#02~REF*LU*11~AMT*B6*64.63~SE*115*0004~ST*835*0005~BPR*I*603.79*C*ACH*CCP*01*081517693*DA*152302017073*1205296137**01*021200025*DA*2000031302801*20131022~TRN*1*886059659*1205296137~REF*EV*1929361~DTM*405*20131021~N1*PR*NOVITAS SOLUTIONS, INC.~N3*PO BOX 3031~N4*MECHANICSBURG*PA*170551803~REF*2U*12402~PER*CX**TE*8772358073~PER*BL*NOVITAS SOLUTIONS, INC. EDI SERVICES*TE*8772358073*EX*1*EM*WEBSITEEDI@NOVITAS_SOLUTIONS.COM~N1*PE*DAVID SIEGMAN  CP*XX*1306926589~N3*STE 140*47 RARITAN AVE~N4*HIGHLAND PARK*NJ*089042440~REF*TJ*300450564~LX*1~CLP*145242174A*19*180*54.89*30.16*MB*0813266070860*11~NM1*QC*1*FISHER*JEWEL*S***HN*145242174A~NM1*TT*2*HORIZON BCBS OF NEW JERSEY*****PI*00019~MOA***MA01*MA18~DTM*050*20130923~SVC*HC:90834*180*54.89**1~DTM*472*20130909~CAS*CO*45*93.83**223*1.12~CAS*PR*2*14**122*16.16~REF*6R*LX#01~REF*LU*11~AMT*B6*86.17~CLP*135363133 A*19*540*164.67*90.48*MB*0813266071220*11~NM1*QC*1*GALLOF*CAROLE*S***HN*135363133A~NM1*TT*2*AMERICAN CONTINENTAL INSU.*****PI*30074~MOA***MA01*MA18~DTM*050*20130923~SVC*HC:90834*180*54.89**1~DTM*472*20130903~CAS*CO*45*93.83**223*1.12~CAS*PR*2*14**122*16.16~REF*6R*LX#01~REF*LU*11~AMT*B6*86.17~SVC*HC:90834*180*54.89**1~DTM*472*20130909~CAS*CO*45*93.83**223*1.12~CAS*PR*2*14**122*16.16~REF*6R*LX#02~REF*LU*11~AMT*B6*86.17~SVC*HC:90834*180*54.89**1~DTM*472*20130912~CAS*CO*45*93.83**223*1.12~CAS*PR*2*14**122*16.16~REF*6R*LX#03~REF*LU*11~AMT*B6*86.17~CLP*0*19*360*109.78*60.32*MB*0813266071230*11~NM1*QC*1*GOLDSCHMIDT*HARVEY****HN*102385971T~NM1*74*1******C*167466766B1~NM1*TT*2*HORIZON BCBS OF NEW JERSEY*****PI*00019~MOA***MA01*MA18*N89~DTM*050*20130923~SVC*HC:90834*180*54.89**1~DTM*472*20130909~CAS*CO*45*93.83**223*1.12~CAS*PR*2*14**122*16.16~REF*6R*LX#01~REF*LU*11~AMT*B6*86.17~SVC*HC:90834*180*54.89**1~DTM*472*20130913~CAS*CO*45*93.83**223*1.12~CAS*PR*2*14**122*16.16~REF*6R*LX#02~REF*LU*11~AMT*B6*86.17~CLP*155344826 A*19*540*164.67*90.48*MB*0813266071250*11~NM1*QC*1*HENRY*LYNNE****HN*155344826A~NM1*TT*2*UNITEDHEALTHCARE*****PI*00082~MOA***MA01*MA18~DTM*050*20130923~SVC*HC:90834*180*54.89**1~DTM*472*20130904~CAS*CO*45*93.83**223*1.12~CAS*PR*2*14**122*16.16~REF*6R*LX#01~REF*LU*11~AMT*B6*86.17~SVC*HC:90834*180*54.89**1~DTM*472*20130909~CAS*CO*45*93.83**223*1.12~CAS*PR*2*14**122*16.16~REF*6R*LX#02~REF*LU*11~AMT*B6*86.17~SVC*HC:90834*180*54.89**1~DTM*472*20130912~CAS*CO*45*93.83**223*1.12~CAS*PR*2*14**122*16.16~REF*6R*LX#03~REF*LU*11~AMT*B6*86.17~CLP*143527616 A*19*180*54.89*30.16*MB*0813266071260*11~NM1*QC*1*MINDELL*STEPHEN****HN*143527616A~NM1*TT*2*UNITEDHEALTH GROUP*****PI*30002~MOA***MA01*MA18~DTM*050*20130923~SVC*HC:90834*180*54.89**1~DTM*472*20130911~CAS*CO*45*93.83**223*1.12~CAS*PR*2*14**122*16.16~REF*6R*LX#01~REF*LU*11~AMT*B6*86.17~CLP*0*19*180*54.89*30.16*MB*0813266071270*11~NM1*QC*1*ROTHWEILER*L*N***HN*149280307A~NM1*TT*2*CONNECTICUT GENERAL LIFE INS CO*****PI*00018~MOA***MA01*MA18~DTM*050*20130923~SVC*HC:90834*180*54.89**1~DTM*472*20130913~CAS*CO*45*93.83**223*1.12~CAS*PR*2*14**122*16.16~REF*6R*LX#01~REF*LU*11~AMT*B6*86.17~SE*125*0005~ST*835*0006~BPR*I*1097.8*C*ACH*CCP*01*081517693*DA*152302017073*1205296137**01*221283512*DA*95665700570381*20131022~TRN*1*886059396*1205296137~REF*EV*1929361~DTM*405*20131021~N1*PR*NOVITAS SOLUTIONS, INC.~N3*PO BOX 3031~N4*MECHANICSBURG*PA*170551803~REF*2U*12402~PER*CX**TE*8772358073~PER*BL*NOVITAS SOLUTIONS, INC. EDI SERVICES*TE*8772358073*EX*1*EM*WEBSITEEDI@NOVITAS_SOLUTIONS.COM~N1*PE*KAREN G. WAY*XX*1477603942~N3*38 JUNIPER LANE~N4*PISCATAWAY*NJ*088545632~REF*TJ*264523736~LX*1~CLP*128400A131007*19*150*54.89*30.16*MB*0913281468240*11*1~NM1*QC*1*ARON*JOANNA****HN*088460853A~NM1*TT*2*GHI PPO*****PI*00035~MOA***MA01*MA27*MA18~DTM*050*20131008~SVC*HC:90834*150*54.89**1~DTM*472*20130923~CAS*CO*45*63.83**223*1.12~CAS*PR*2*14**122*16.16~REF*6R*0~REF*LU*11~AMT*B6*86.17~CLP*129400A131007*19*150*54.89*30.16*MB*0913281468280*11*1~NM1*QC*1*ARON*JOANNA****HN*088460853A~NM1*TT*2*GHI PPO*****PI*00035~MOA***MA01*MA27*MA18~DTM*050*20131008~SVC*HC:90834*150*54.89**1~DTM*472*20130925~CAS*CO*45*63.83**223*1.12~CAS*PR*2*14**122*16.16~REF*6R*0~REF*LU*11~AMT*B6*86.17~CLP*130600A131007*19*150*54.89*30.16*MB*0913281468330*11*1~NM1*QC*1*ARON*JOANNA****HN*088460853A~NM1*TT*2*GHI PPO*****PI*00035~MOA***MA01*MA27*MA18~DTM*050*20131008~SVC*HC:90834*150*54.89**1~DTM*472*20130930~CAS*CO*45*63.83**223*1.12~CAS*PR*2*14**122*16.16~REF*6R*0~REF*LU*11~AMT*B6*86.17~CLP*131700A131007*19*150*54.89*30.16*MB*0913281468380*11*1~NM1*QC*1*ARON*JOANNA****HN*088460853A~NM1*TT*2*GHI PPO*****PI*00035~MOA***MA01*MA27*MA18~DTM*050*20131008~SVC*HC:90834*150*54.89**1~DTM*472*20131002~CAS*CO*45*63.83**223*1.12~CAS*PR*2*14**122*16.16~REF*6R*0~REF*LU*11~AMT*B6*86.17~CLP*132600A131007*19*150*54.89*30.16*MB*0913281468420*11*1~NM1*QC*1*ARON*JOANNA****HN*088460853A~NM1*TT*2*GHI PPO*****PI*00035~MOA***MA01*MA27*MA18~DTM*050*20131008~SVC*HC:90834*150*54.89**1~DTM*472*20131004~CAS*CO*45*63.83**223*1.12~CAS*PR*2*14**122*16.16~REF*6R*0~REF*LU*11~AMT*B6*86.17~CLP*130300A131007*19*150*54.89*30.16*MB*0913281468320*11*1~NM1*QC*1*BERBAUM*JOANNE I.****HN*152423142W~NM1*TT*2*HORIZON BCBS OF NEW JERSEY*****PI*30013~MOA***MA01*MA27*MA18~DTM*050*20131008~SVC*HC:90834*150*54.89**1~DTM*472*20130927~CAS*CO*45*63.83**223*1.12~CAS*PR*2*14**122*16.16~REF*6R*0~REF*LU*11~AMT*B6*86.17~CLP*132500A131007*19*150*54.89*30.16*MB*0913281468410*11*1~NM1*QC*1*BERBAUM*JOANNE I.****HN*152423142W~NM1*TT*2*HORIZON BCBS OF NEW JERSEY*****PI*30013~MOA***MA01*MA27*MA18~DTM*050*20131008~SVC*HC:90834*150*54.89**1~DTM*472*20131004~CAS*CO*45*63.83**223*1.12~CAS*PR*2*14**122*16.16~REF*6R*0~REF*LU*11~AMT*B6*86.17~CLP*129700A131007*1*150*54.89*30.16*MB*0913281468300*11*1~NM1*QC*1*FOSTER*KELLY****HN*140784147A~MOA***MA01*MA27~DTM*050*20131008~SVC*HC:90834*150*54.89**1~DTM*472*20130926~CAS*CO*45*63.83**223*1.12~CAS*PR*2*14**122*16.16~REF*6R*0~REF*LU*11~AMT*B6*86.17~CLP*131200A131007*1*150*54.89*30.16*MB*0913281468360*11*1~NM1*QC*1*FOSTER*KELLY****HN*140784147A~MOA***MA01*MA27~DTM*050*20131008~SVC*HC:90834*150*54.89**1~DTM*472*20131001~CAS*CO*45*63.83**223*1.12~CAS*PR*2*14**122*16.16~REF*6R*0~REF*LU*11~AMT*B6*86.17~CLP*132200A131007*1*150*54.89*30.16*MB*0913281468400*11*1~NM1*QC*1*FOSTER*KELLY****HN*140784147A~MOA***MA01*MA27~DTM*050*20131008~SVC*HC:90834*150*54.89**1~DTM*472*20131003~CAS*CO*45*63.83**223*1.12~CAS*PR*2*14**122*16.16~REF*6R*0~REF*LU*11~AMT*B6*86.17~CLP*129900A131007*19*150*54.89*30.16*MB*0913281468310*11*1~NM1*QC*1*FRAMPTON*STEPHEN****HN*156560448A~NM1*TT*2*NJ DEPT. OF HUMAN SERVICES*****PI*70077~MOA***MA01*MA27*MA07~DTM*050*20131008~SVC*HC:90834*150*54.89**1~DTM*472*20130926~CAS*CO*45*63.83**223*1.12~CAS*PR*2*14**122*16.16~REF*6R*0~REF*LU*11~AMT*B6*86.17~CLP*128600A131007*19*150*54.89*30.16*MB*0913281468250*11*1~NM1*QC*1*GRIMALDI*JENNIFER****HN*026662235A~NM1*TT*2*NJ DEPT. OF HUMAN SERVICES*****PI*70078~MOA***MA01*MA07~DTM*050*20131008~SVC*HC:90834*150*54.89**1~DTM*472*20130923~CAS*CO*45*63.83**223*1.12~CAS*PR*2*14**122*16.16~REF*6R*0~REF*LU*11~AMT*B6*86.17~CLP*130900A131007*19*150*54.89*30.16*MB*0913281468340*11*1~NM1*QC*1*GRIMALDI*JENNIFER****HN*026662235A~NM1*TT*2*NJ DEPT. OF HUMAN SERVICES*****PI*70078~MOA***MA01*MA07~DTM*050*20131008~SVC*HC:90834*150*54.89**1~DTM*472*20130930~CAS*CO*45*63.83**223*1.12~CAS*PR*2*14**122*16.16~REF*6R*0~REF*LU*11~AMT*B6*86.17~CLP*114300A130930*19*150*54.89*30.16*MB*0913274461490*11*1~NM1*QC*1*HAMMOND*NORMAN****HN*135742336A~NM1*TT*2*NJ DEPT. OF HUMAN SERVICES*****PI*70080~MOA***MA01*MA07~DTM*050*20131001~SVC*HC:90834*150*54.89**1~DTM*472*20130917~CAS*CO*45*63.83**223*1.12~CAS*PR*2*14**122*16.16~REF*6R*0~REF*LU*11~AMT*B6*86.17~CLP*131400A131007*19*150*54.89*30.16*MB*0913281468370*11*1~NM1*QC*1*HAMMOND*NORMAN****HN*135742336A~NM1*TT*2*NJ DEPT. OF HUMAN SERVICES*****PI*70080~MOA***MA01*MA07~DTM*050*20131008~SVC*HC:90834*150*54.89**1~DTM*472*20131001~CAS*CO*45*63.83**223*1.12~CAS*PR*2*14**122*16.16~REF*6R*0~REF*LU*11~AMT*B6*86.17~CLP*129300A131007*1*150*54.89*30.16*MB*0913281468270*11*1~NM1*QC*1*STAFFORD*JAMES****HN*139762323A~MOA***MA01*MA27~DTM*050*20131008~SVC*HC:90834*150*54.89**1~DTM*472*20130924~CAS*CO*45*63.83**223*1.12~CAS*PR*2*14**122*16.16~REF*6R*0~REF*LU*11~AMT*B6*86.17~CLP*128700A131007*19*150*54.89*30.16*MB*0913281468260*11*1~NM1*QC*1*ZABOROWSKI*RAYMOND****HN*135405190A~NM1*TT*2*NJ DEPT. OF HUMAN SERVICES*****PI*70078~MOA***MA01*MA27*MA07~DTM*050*20131008~SVC*HC:90834*150*54.89**1~DTM*472*20130923~CAS*CO*45*63.83**223*1.12~CAS*PR*2*14**122*16.16~REF*6R*0~REF*LU*11~AMT*B6*86.17~CLP*129500A131007*19*150*54.89*30.16*MB*0913281468290*11*1~NM1*QC*1*ZABOROWSKI*RAYMOND****HN*135405190A~NM1*TT*2*NJ DEPT. OF HUMAN SERVICES*****PI*70078~MOA***MA01*MA27*MA07~DTM*050*20131008~SVC*HC:90834*150*54.89**1~DTM*472*20130925~CAS*CO*45*63.83**223*1.12~CAS*PR*2*14**122*16.16~REF*6R*0~REF*LU*11~AMT*B6*86.17~CLP*131000A131007*19*150*54.89*30.16*MB*0913281468350*11*1~NM1*QC*1*ZABOROWSKI*RAYMOND****HN*135405190A~NM1*TT*2*NJ DEPT. OF HUMAN SERVICES*****PI*70078~MOA***MA01*MA27*MA07~DTM*050*20131008~SVC*HC:90834*150*54.89**1~DTM*472*20130930~CAS*CO*45*63.83**223*1.12~CAS*PR*2*14**122*16.16~REF*6R*0~REF*LU*11~AMT*B6*86.17~CLP*131800A131007*19*150*54.89*30.16*MB*0913281468390*11*1~NM1*QC*1*ZABOROWSKI*RAYMOND****HN*135405190A~NM1*TT*2*NJ DEPT. OF HUMAN SERVICES*****PI*70078~MOA***MA01*MA27*MA07~DTM*050*20131008~SVC*HC:90834*150*54.89**1~DTM*472*20131002~CAS*CO*45*63.83**223*1.12~CAS*PR*2*14**122*16.16~REF*6R*0~REF*LU*11~AMT*B6*86.17~SE*253*0006~ST*835*0007~BPR*I*41.17*C*ACH*CCP*01*081517693*DA*152302017073*1205296137**01*231372691*DA*0181143836*20131022~TRN*1*886054902*1205296137~REF*EV*1929361~DTM*405*20131021~N1*PR*NOVITAS SOLUTIONS, INC.~N3*PO BOX 3031~N4*MECHANICSBURG*PA*170551803~REF*2U*12402~PER*CX**TE*8772358073~PER*BL*NOVITAS SOLUTIONS, INC. EDI SERVICES*TE*8772358073*EX*1*EM*WEBSITEEDI@NOVITAS_SOLUTIONS.COM~N1*PE*MAUREEN WIESE WAIBEL  CSW*XX*1902991391~N3*800 RARITAN ROAD~N4*CLARK*NJ*070661710~REF*TJ*262135919~LX*1~CLP*119300A131001*19*125*41.17*22.62*MB*0913281468440*01*1~NM1*QC*1*CICALESE*KRISTA****HN*151662088A~NM1*TT*2*HORIZON BCBS OF NEW JERSEY*****PI*30013~MOA***MA01*MA27*MA18~DTM*050*20131008~SVC*HC:90834*125*41.17**1~DTM*472*20130926~CAS*CO*45*60.37**223*0.84~CAS*PR*2*10.5**122*12.12~REF*6R*0~REF*LU*01~AMT*B6*64.63~SE*29*0007~ST*835*0008~BPR*I*51.79*C*CHK************20131022~TRN*1*258481362*1591031071~REF*EV*870426777~REF*F2*1~DTM*405*20131023~N1*PR*CIGNA HEALTH AND LIFE INSURANCE COMPANY~N3*P.O. BOX 182223~N4*CHATTANOOGA*TN*374227223~PER*BL*HP*EM*CLAIMS.INTAKE.APP.SUPPORT@HP.COM~PER*IC**UR*WWW.CIGNAFORHCP.COM~N1*PE*LAURA DEMARZO PHD EDD*XX*1457686560~N3*491 AMWELL RD # 103~N4*HILLSBOROUGH*NJ*088448212~REF*TJ*263895688~LX*1~TS3*1457686560*11*20131231*1*175~CLP*0*1*175*51.79*22.19*13*4681328991287*11*1~NM1*QC*1*SENKO*DIANNE*L***MI*U2643637502~NM1*IL*1*SENKO*ROBERT****MI*U2643637501~NM1*82*1*DEMARZO*LAURA****FI*263895688~REF*1L*3210440~REF*9A*469520667~REF*CE*OPEN ACCESS PLUS~REF*G1*NOT REQD CIGNA~DTM*050*20131016~DTM*232*20131009~DTM*233*20131009~PER*CX*MEMBER SERVICES*TE*8002446224~AMT*AU*73.98~SVC*HC:90834*175*51.79**1~CAS*CO*45*101.02~CAS*PR*2*22.19~REF*HPI*1255372603~AMT*B6*73.98~SE*36*0008~GE*8*158968000~IEA*1*158968000~
