ISA*00*          *00*          *ZZ*330897513      *ZZ*ASSOCIATEDBC   *131023*2028*^*00501*158941952*0*P*:~GS*HP*330897513*ASSOCIATEDBC*20131023*2028*158941952*X*005010X221A1~ST*835*0001~BPR*I*501*C*ACH*CCP*01*011900445*DA*0000009046*1066033492**01*031201360*DA*7869322623*20131028~TRN*1*813295550000428*1066033492~REF*EV*330897513~DTM*405*20131023~N1*PR*AETNA~N3*151 FARMINGTON AVENUE~N4*HARTFORD*CT*06156~PER*BL*PROVIDER SERVICE~N1*PE*CENTER FOR PSYCHOLOGICAL SERVICES OF SOMERSET COUN*XX*1457686560~N3*491 AMWELL RD STE 103~N4*HILLSBOROUGH*NJ*088448212~REF*PQ*149850620~REF*TJ*263895688~LX*1~TS3*1457686560*11*20131231*3*525~CLP*0*1*175*53*20*13*E3AA89HBM0000*11~NM1*QC*1*FALK*ANTOINETTE~NM1*IL*1*FALK*THEODORE****MI*W198176390~NM1*82*1*DEMARZO*LAURA****XX*1255372603~REF*1L*0698021-017-00001-AA~DTM*050*20131021~DTM*232*20131013~DTM*233*20131013~PER*CX**TE*8886323862~AMT*AU*175~SVC*HC:90834*175*53**1~DTM*472*20131013~CAS*CO*45*102~CAS*PR*3*20~REF*6R*00000000001~AMT*B6*73~CLP*0*1*175*33*40*13*E3TV88CS00000*11~NM1*QC*1*MCNELIS*SAUNDRA~NM1*IL*1*MCNELIS*SAUNDRA****MI*W178505093~NM1*74*1**SANDRA~NM1*82*1*DEMARZO*LAURA****XX*1255372603~REF*1L*0478865-010-00001- A~DTM*050*20131021~DTM*232*20131016~DTM*233*20131016~PER*CX**TE*8886323862~AMT*AU*175~SVC*HC:90834*175*33**1~DTM*472*20131016~CAS*CO*45*102~CAS*PR*3*40~REF*6R*00000000001~AMT*B6*73~CLP*0*1*175*53*20*13*E33489H3R0000*11~NM1*QC*1*BRACKEN*CHERYL~NM1*IL*1*BRACKEN*JOHN****MI*W160219241~NM1*82*1*DEMARZO*LAURA****XX*1255372603~REF*1L*0469701-010-00001-MB~DTM*050*20131021~DTM*232*20131015~DTM*233*20131015~PER*CX**TE*8886323862~AMT*AU*175~SVC*HC:90834*175*53**1~DTM*472*20131015~CAS*CO*45*102~CAS*PR*3*20~REF*6R*00000000001~AMT*B6*73~LX*2~TS3*1457686560*11*20131231*3*450~CLP*0*1*150*48*12*13*E1AA89G5P0000*11~NM1*QC*1*SCHERDER*CARRIE~NM1*IL*1*SCHERDER*TARA****MI*W014689537~NM1*82*1*RITTER*LINDA****XX*1144599416~REF*1L*0479265-012-00011-RF~DTM*050*20131021~DTM*232*20131014~DTM*233*20131014~PER*CX**TE*8886323862~AMT*AU*150~SVC*HC:90834*150*48**1~DTM*472*20131014~CAS*CO*45*90~CAS*PR*2*12~REF*6R*00000000001~AMT*B6*60~CLP*0*1*150*45*15*13*E1JK89K0M0000*11~NM1*QC*1*POSPIECH*LYNN~NM1*IL*1*POSPIECH*LYNN****MI*W150270655~NM1*82*1*RITTER*LINDA****XX*1144599416~REF*1L*0701087-022-00003-UA~DTM*050*20131021~DTM*232*20131015~DTM*233*20131015~PER*CX**TE*8886323862~AMT*AU*150~SVC*HC:90834*150*45**1~DTM*472*20131015~CAS*CO*45*90~CAS*PR*3*15~REF*6R*00000000001~AMT*B6*60~CLP*CTRPSYCHSVCSOMERSET*1*150*54*6*13*E2PA88CTG0000*11~NM1*QC*1*BURMAN*DIANE~NM1*IL*1*BURMAN*DAVID****MI*W461166667~NM1*82*1*RITTER*LINDA****XX*1144599416~REF*1L*0800215-018-00001- I~DTM*050*20131021~DTM*232*20131014~DTM*233*20131014~PER*CX**TE*8886323862~AMT*AU*150~SVC*HC:90834*150*54**1~DTM*472*20131014~CAS*CO*45*90~CAS*PR*2*6~REF*6R*00000000001~AMT*B6*60~LX*3~TS3*1457686560*11*20131231*5*875~CLP*0*1*175*54*6*13*EFAA9VZFG0000*11~NM1*QC*1*BURMAN*DAVID~NM1*IL*1*BURMAN*DAVID****MI*W461166667~NM1*82*1*HURT*DEBBIE****XX*1275694077~REF*1L*0800215-018-00001- I~DTM*050*20131021~DTM*232*20131015~DTM*233*20131015~PER*CX**TE*8886323862~AMT*AU*175~SVC*HC:90834*175*54**1~DTM*472*20131015~CAS*CO*45*115~CAS*PR*2*6~REF*6R*00000000001~AMT*B6*60~CLP*0*1*175*51*9*13*EFAA9VZH00000*11~NM1*QC*1*BASSEL*MATTHEW~NM1*IL*1*BASSEL*MATTHEW****MI*W194676132~NM1*82*1*HURT*DEBBIE****XX*1275694077~REF*1L*0883610-011-00752- A~DTM*050*20131021~DTM*232*20131012~DTM*233*20131012~PER*CX**TE*8886323862~AMT*AU*175~SVC*HC:90834*175*51**1~DTM*472*20131012~CAS*CO*45*115~CAS*PR*2*9~REF*6R*00000000001~AMT*B6*60~CLP*0*1*175*30*30*13*EFFA9VR7W0000*11~NM1*QC*1*SMITH*JENNIFER~NM1*IL*1*SMITH*JENNIFER****MI*W159994813~NM1*82*1*HURT*DEBBIE****XX*1275694077~REF*1L*0622709-010-00048- A~DTM*050*20131021~DTM*232*20131012~DTM*233*20131012~PER*CX**TE*8886323862~AMT*AU*175~SVC*HC:90834*175*30**1~DTM*472*20131012~CAS*CO*45*115~CAS*PR*3*30~REF*6R*00000000001~AMT*B6*60~CLP*0*1*175*45*15*13*EJYZ9SWV90000*11~NM1*QC*1*HEMSTOCK*SUSAN~NM1*IL*1*HEMSTOCK*SUSAN****MI*822599711~NM1*74*1**SUZAN*G***C*W175700063~NM1*82*1*HURT*DEBBIE****XX*1275694077~REF*1L*0326475-010-00155-AB~DTM*050*20131014~DTM*232*20131003~DTM*233*20131003~PER*CX**TE*8886323862~AMT*AU*175~SVC*HC:90834*175*45**1~DTM*472*20131003~CAS*CO*45*115~CAS*PR*3*15~REF*6R*00000000001~AMT*B6*60~CLP*0*1*175*35*25*13*E9RS85QBY0000*11~NM1*QC*1*MATTEO*GINA~NM1*IL*1*MATTEO*NICK****MI*W188541718~NM1*82*1*HURT*DEBBIE****XX*1275694077~REF*1L*0100160-010-00001-OA~DTM*050*20131021~DTM*232*20131015~DTM*233*20131015~PER*CX**TE*8886323862~AMT*AU*175~SVC*HC:90834*175*35**1~DTM*472*20131015~CAS*CO*45*115~CAS*PR*3*25~REF*6R*00000000001~AMT*B6*60~SE*199*0001~ST*835*0002~BPR*I*173*C*ACH*CCP*01*031100209*DA*0000009108*1066033492**01*031201360*DA*7869322623*20131028~TRN*1*813295530000461*1066033492~REF*EV*330897513~DTM*405*20131023~N1*PR*AETNA~N3*151 FARMINGTON AVENUE~N4*HARTFORD*CT*06156~PER*BL*PROVIDER SERVICE~N1*PE*CENTER FOR PSYCHOLOGICAL SERVICES OF SOMERSET COUN*XX*1457686560~N3*491 AMWELL RD STE 103~N4*HILLSBOROUGH*NJ*088448212~REF*PQ*149850620~REF*TJ*263895688~LX*1~TS3*1457686560*11*20131231*1*175~CLP*0*1*175*33*40*13*E3JK88CSQ0000*11~NM1*QC*1*GLICKLIN*LEEANN~NM1*IL*1*GLICKLIN*BRIAN****MI*W191820838~NM1*82*1*DEMARZO*LAURA****XX*1255372603~REF*1L*0512579-011-00002- C~DTM*050*20131021~DTM*232*20131013~DTM*233*20131013~PER*CX**TE*8886323862~AMT*AU*175~SVC*HC:90834*175*33**1~DTM*472*20131013~CAS*CO*45*102~CAS*PR*3*40~REF*6R*00000000001~AMT*B6*73~LX*2~TS3*1457686560*11*20131231*1*150~CLP*0*1*150*60**13*E1TV89DLV0000*11~NM1*QC*1*MORY*DAVID~NM1*IL*1*MORY*DIANE****MI*W187130803~NM1*82*1*RITTER*LINDA****XX*1144599416~REF*1L*0307281-011-00001-AA~DTM*050*20131021~DTM*232*20131011~DTM*233*20131011~PER*CX**TE*8886323862~AMT*AU*150~SVC*HC:90834*150*60**1~DTM*472*20131011~CAS*CO*45*90~REF*6R*00000000001~AMT*B6*60~LX*3~TS3*1457686560*11*20131231*2*525~CLP*0*1*350*20*100*HM*E5AA843120000*11~NM1*QC*1*ASHFORTH*BARRY~NM1*IL*1*ASHFORTH*BARRY****MI*BBM00HJA~NM1*74*1***W***C*W199677401~NM1*82*1*HURT*DEBBIE****XX*1275694077~REF*1L*0576097-035-00000- B~DTM*050*20131014~DTM*232*20131002~DTM*233*20131008~PER*CX**TE*8886323862~AMT*AU*350~SVC*HC:90834*175*10**1~DTM*472*20131002~CAS*CO*45*115~CAS*PR*3*50~REF*6R*00000000001~AMT*B6*60~SVC*HC:90834*175*10**1~DTM*472*20131008~CAS*CO*45*115~CAS*PR*3*50~REF*6R*00000000002~AMT*B6*60~CLP*0*1*175*60**HM*E9AA861ZV0000*11~NM1*QC*1*OMILIAN*CYNDI~NM1*IL*1*OMILIAN*CYNDI****MI*W200901252~NM1*74*1**FRANK*A**IV~NM1*82*1*HURT*DEBBIE****XX*1275694077~REF*1L*0582366-035-00000- A~DTM*050*20131021~DTM*232*20131009~DTM*233*20131009~PER*CX**TE*8886323862~AMT*AU*175~SVC*HC:90834*175*60**1~DTM*472*20131009~CAS*CO*45*115~REF*6R*00000000001~AMT*B6*60~SE*91*0002~GE*2*158941952~IEA*1*158941952~
