ISA*00*          *00*          *ZZ*330897513      *ZZ*ASSOCIATEDBC   *131024*1924*U*00401*159112148*0*P*:~GS*HP*330897513*ASSOCIATEDBC*20131024*1924*159112148*X*004010X091A1~ST*835*0001~BPR*I*212.28*C*CHK************20131022~TRN*1*PG40942978*1411289245*000087726~DTM*405*20131022~N1*PR*UNITED HEALTHCARE INSURANCE COMPANY*XV*87726~N3*GREENSBORO SERVICE CENTER*P O BOX 740800~N4*ATLANTA*GA*303740800~REF*2U*87726~PER*CX*GREENSBORO SERVICE CENTER*TE*8778423210~N1*PE*DANIEL MARK EDELMAN PSY D PC*XX*1891744421~N3*13 EAGLE TER~N4*WEST ORANGE*NJ*070520000~REF*TJ*203009626~LX*1~TS3*1891744421*11*20131231*1*450~CLP*762620566*1*450*212.28*37.47*13*4308139219 0016225440*11~NM1*QC*1*SLAFF*JEFFREY~NM1*IL*1*ELKIN*ANDREA****MI*915078665~NM1*82*1*EDELMAN*DANIEL*M***XX*1629041165~REF*1L*136572~REF*CE*CHOYC+~DTM*050*20131016~DTM*232*20130924~DTM*233*20131008~AMT*AU*450~SVC*HC:90834*150*70.76**1~DTM*472*20130924~CAS*CO*45*66.75~CAS*PR*2*12.49~REF*6R*640762620566~AMT*B6*83.25~SVC*HC:90834*150*70.76**1~DTM*472*20131001~CAS*CO*45*66.75~CAS*PR*2*12.49~REF*6R*641762620566~AMT*B6*83.25~SVC*HC:90834*150*70.76**1~DTM*472*20131008~CAS*CO*45*66.75~CAS*PR*2*12.49~REF*6R*642762620566~AMT*B6*83.25~SE*44*0001~ST*835*0002~BPR*I*216.95*C*CHK************20131022~TRN*1*PH75809240*1411289245*000087726~DTM*405*20131022~N1*PR*UNITED HEALTHCARE INSURANCE COMPANY*XV*87726~N3*BUFFALO SERVICE CENTER*PO BOX 740809~N4*ATLANTA*GA*303740809~REF*2U*87726~PER*CX*BUFFALO SERVICE CENTER*TE*8778423210~N1*PE*DANIEL MARK EDELMAN PSY D PC*XX*1891744421~N3*13 EAGLE TER~N4*WEST ORANGE*NJ*070520000~REF*TJ*203009626~LX*1~TS3*1891744421*11*20131231*2*750~CLP*762620462*1*450*204.75*45*13*4308139218 0007092217*11~NM1*QC*1*ELLSON*HANNAH~NM1*IL*1*ELLSON*JEFFREY****MI*849512199~NM1*74*1*FEELEY*JEFFREY*S~NM1*82*1*EDELMAN*DANIEL*M***XX*1629041165~REF*1L*203922~REF*CE*CHOYC+~DTM*050*20131016~DTM*232*20130924~DTM*233*20131008~AMT*AU*450~SVC*HC:90834*150*68.25**1~DTM*472*20130924~CAS*CO*45*66.75~CAS*PR*3*15~REF*6R*482762620462~AMT*B6*83.25~SVC*HC:90834*150*68.25**1~DTM*472*20131001~CAS*CO*45*66.75~CAS*PR*3*15~REF*6R*483762620462~AMT*B6*83.25~SVC*HC:90834*150*68.25**1~DTM*472*20131008~CAS*CO*45*66.75~CAS*PR*3*15~REF*6R*484762620462~AMT*B6*83.25~CLP*762620559*1*300*12.2*154.3*13*4308139220 0010435321*11~NM1*QC*1*SALFINO*CATHERINE*S~NM1*IL*1*SALFINO*MICHAEL*J***MI*952295971~NM1*82*1*EDELMAN*DANIEL*M***XX*1629041165~REF*1L*752713~REF*CE*CHOYC+~DTM*050*20131016~DTM*232*20130923~DTM*233*20131007~AMT*AU*300~SVC*HC:90834*150*0**1~DTM*472*20130923~CAS*CO*45*66.75~CAS*PR*1*83.25~REF*6R*629762620559~AMT*B6*83.25~SVC*HC:90834*150*12.2**1~DTM*472*20131007~CAS*CO*45*66.75~CAS*PR*1*69.69**2*1.36~REF*6R*630762620559~AMT*B6*83.25~SE*67*0002~ST*835*0003~BPR*I*333*C*CHK************20131022~TRN*1*PH75810294*1411289245*000087726~REF*EV*203009626~DTM*405*20131022~N1*PR*UNITED HEALTHCARE INSURANCE COMPANY*XV*87726~N3*GREENSBORO SERVICE CENTER*P.O. BOX 740800~N4*ATLANTA*GA*303740800~REF*2U*87726~PER*CX*GREENSBORO SERVICE CENTER*TE*8778423210~N1*PE*DANIEL MARK EDELMAN PSY D PC*FI*203009626~N3*13 EAGLE TER~N4*WEST ORANGE*NJ*070520000~LX*1~TS3*203009626*11*20131231*1*750~CLP*762620496*1*750*333*83.25*13*4308139721 0057852996*11~NM1*QC*1*MALAT*GLENN~NM1*IL*1*MALAT*LISA****MI*843310504~NM1*82*1*EDELMAN*DANIEL*M***XX*1629041165~REF*1L*230093~REF*CE*CHOYC+~DTM*050*20131016~DTM*232*20130918~DTM*233*20131009~AMT*AU*750~SVC*HC:90834*150*66.6**1~DTM*472*20130918~CAS*CO*45*66.75~CAS*PR*2*16.65~REF*6R*557762620496~AMT*B6*83.25~SVC*HC:90834*150*66.6**1~DTM*472*20130925~CAS*CO*45*66.75~CAS*PR*2*16.65~REF*6R*558762620496~AMT*B6*83.25~SVC*HC:90834*150*66.6**1~DTM*472*20130927~CAS*CO*45*66.75~CAS*PR*2*16.65~REF*6R*559762620496~AMT*B6*83.25~SVC*HC:90834*150*66.6**1~DTM*472*20131002~CAS*CO*45*66.75~CAS*PR*2*16.65~REF*6R*560762620496~AMT*B6*83.25~SVC*HC:90834*150*66.6**1~DTM*472*20131009~CAS*CO*45*66.75~CAS*PR*2*16.65~REF*6R*561762620496~AMT*B6*83.25~SE*56*0003~ST*835*0004~BPR*I*156.66*C*CHK************20131022~TRN*1*PH75810360*1411289245*000087726~DTM*405*20131022~N1*PR*UNITED HEALTHCARE INSURANCE COMPANY*XV*87726~N3*GREENSBORO SERVICE CENTER*P O BOX 740800~N4*ATLANTA*GA*303740800~REF*2U*87726~PER*CX*GREENSBORO SERVICE CENTER*TE*8006388010~N1*PE*DANIEL MARK EDELMAN PSY D PC*XX*1891744421~N3*13 EAGLE TER~N4*WEST ORANGE*NJ*070520000~REF*TJ*203009626~LX*1~TS3*1891744421*11*20131231*2*450~CLP*760829814*1*300*104.44*26.1*12*4302868653 0086247864*11~NM1*QC*1*CAMPBELL*JOHN~NM1*IL*1*CAMPBELL*ELAINE****MI*960547054~NM1*74*1*CAMPBELL*ELAINE*T~NM1*82*1*PERRIS*JOANNE****XX*1780831834~REF*1L*183644~REF*CE*OPT PPO~DTM*050*20131011~DTM*232*20130903~DTM*233*20130909~AMT*AU*130.54~SVC*HC:90834*150*52.22**1~DTM*472*20130903~CAS*CO*45*84.73~CAS*PR*2*13.05~REF*6R*934760829814~AMT*B6*65.27~SVC*HC:90834*150*52.22**1~DTM*472*20130909~CAS*CO*45*84.73~CAS*PR*2*13.05~REF*6R*935760829814~AMT*B6*65.27~CLP*760825088*1*150*52.22*13.05*12*4302878191 0086247870*11~NM1*QC*1*CAMPBELL*JOHN~NM1*IL*1*CAMPBELL*ELAINE****MI*960547054~NM1*74*1*CAMPBELL*ELAINE*T~NM1*82*1*PERRIS*JOANNE****XX*1780831834~REF*1L*183644~REF*CE*OPT PPO~DTM*050*20131011~DTM*232*20130821~AMT*AU*65.27~SVC*HC:90834*150*52.22**1~DTM*472*20130821~CAS*CO*45*84.73~CAS*PR*2*13.05~REF*6R*217760825088~AMT*B6*65.27~SE*55*0004~ST*835*0005~BPR*I*172*C*CHK************20131022~TRN*1*0062626765*1220999690*8352013102305184163~REF*EV*1467635987~DTM*405*20131022~N1*PR*HORIZON BCBSNJ~N3*PAYOR ADDRESS 1~N4*NEWARK*NJ*071010420~REF*2U*22099~N1*PE*H K LOPES LPC*XX*1467635987~N3*77 N MAIN ST~N4*MILLTOWN*NJ*088501521~REF*PQ*4540820350~REF*TJ*454082035~LX*1~CLP*YHQ3HZN67308820*1*150*62*10*13*780281329039419   00**1~NM1*QC*1*PISINO*CYNTHIA****MI*3HZN67308820~NM1*82*2*H K LOPES LPC*****XX*1467635987~DTM*050*20131015~DTM*232*20130603~DTM*233*20130603~PER*CX*HORIZON BLUE CROSS BLUE SHIELD OF NEW JERSEY DIRECT ACCESS*TE*8006241110~AMT*AU*72~AMT*T2*62~SVC*HC:99199*150*62**1*HC:90791~DTM*472*20130603~CAS*PR*3*10~CAS*CO*45*78~REF*6R*000001~REF*HPI*1467635987~AMT*B6*72~CLP*150600A131016*1*125*20*40*13*780281329109066   00**1~NM1*QC*1*SCHEAR*ROBERT****MI*YHO3HZN76960240~NM1*82*2*H K LOPES LPC*****XX*1467635987~DTM*050*20131018~DTM*232*20131012~DTM*233*20131012~PER*CX*HORIZON BLUE CROSS BLUE SHIELD OF NEW JERSEY DIRECT ACCESS*TE*8006241110~AMT*AU*60~AMT*T2*20~SVC*HC:99199*125*20**1*HC:90834~DTM*472*20131012~CAS*PR*3*40~CAS*CO*45*65~REF*6R*0~REF*HPI*1467635987~AMT*B6*60~CLP*150500A131016*1*125*45*15*13*780271329142197   00**1~NM1*QC*1*VARGA*STEVEN****MI*3HZN796037900~NM1*74*1*VARGA*STEVEN*J***C*SNJ3HZN79603790~NM1*82*2*H K LOPES LPC*****XX*1467635987~DTM*050*20131018~DTM*232*20131011~DTM*233*20131011~PER*CX*STATE HEALTH BENEFITS PROGRAM HMO*TE*8006642583~AMT*AU*60~AMT*T2*45~SVC*HC:99199*125*45**1*HC:90834~DTM*472*20131011~CAS*PR*3*15~CAS*CO*45*65~REF*6R*0~REF*HPI*1467635987~AMT*B6*60~CLP*149500A131016*1*125*45*15*13*780281329109067   00**1~NM1*QC*1*VARGA*STEVEN****MI*3HZN796037900~NM1*74*1*VARGA*STEVEN*J***C*SNJ3HZN79603790~NM1*82*2*H K LOPES LPC*****XX*1467635987~DTM*050*20131018~DTM*232*20131002~DTM*233*20131002~PER*CX*STATE HEALTH BENEFITS PROGRAM HMO*TE*8006642583~AMT*AU*60~AMT*T2*45~SVC*HC:99199*125*45**1*HC:90834~DTM*472*20131002~CAS*PR*3*15~CAS*CO*45*65~REF*6R*0~REF*HPI*1467635987~AMT*B6*60~SE*82*0005~ST*835*0006~BPR*I*149*C*ACH*CCP*01*031100225*DA*2079950064280/*1220999690**01*231372691*DA*0181143836*20131022~TRN*1*0004420775*1220999690*8352013102304220847~REF*EV*1902991391~DTM*405*20131022~N1*PR*HORIZON BCBSNJ~N3*PAYOR ADDRESS 1~N4*NEWARK*NJ*071010420~REF*2U*22099~N1*PE*M M WIESE WAIBEL LCSW*XX*1902991391~N3*800 RARITAN RD~N4*CLARK*NJ*070661710~REF*PQ*2621359190~REF*TJ*262135919~LX*1~CLP*143900A131016*1*125*50*10*13*780281329104632   00**1~NM1*QC*1*DANIELSON*CHRISTINE****MI*NJX3HZN77593920~NM1*IL*1*FAUGHNAN*RICHARD****MI*3HZN775939201~NM1*74*1*FAUGHNAN*RICHARD*F***C*3HZN775939201~NM1*82*2*M M WIESE WAIBEL LCSW*****XX*1902991391~DTM*050*20131018~DTM*232*20131003~DTM*233*20131003~PER*CX*NJ DIRECT*TE*8006241110~AMT*AU*60~AMT*T2*50~SVC*HC:99199*125*50**1*HC:90834~DTM*472*20131003~CAS*PR*3*10~CAS*CO*45*65~REF*6R*0~REF*HPI*1902991391~AMT*B6*60~CLP*144400A131016*1*125*45*15*13*780261329182254   00**1~NM1*QC*1*LENAHAN*MEAGHAN****MI*3HZN361915300~NM1*74*1*LENAHAN*MEAGHAN*M***C*NJX3HZN36191530~NM1*82*2*M M WIESE WAIBEL LCSW*****XX*1902991391~DTM*050*20131018~DTM*232*20131003~DTM*233*20131003~PER*CX*NJ DIRECT*TE*8006241110~AMT*AU*60~AMT*T2*45~SVC*HC:99199*125*45**1*HC:90834~DTM*472*20131003~CAS*PR*3*15~CAS*CO*45*65~REF*6R*0~REF*HPI*1902991391~AMT*B6*60~CLP*145100A131016*1*125*54*15*12*780261329209323   00**1~NM1*QC*1*DUFFY*JULIE****MI*3HZN563169500~NM1*74*1*DUFFY*JULIE*A***C*YHB3HZN56316950~NM1*82*2*M M WIESE WAIBEL LCSW*****XX*1902991391~DTM*050*20131018~DTM*232*20131004~DTM*233*20131004~PER*CX*NATIONAL ACCOUNTS SERVICED IN MT.LAUREL*TE*8006244758~AMT*AU*69~AMT*T2*54~SVC*HC:99199*125*54**1*HC:90834~DTM*472*20131004~CAS*PR*3*15~CAS*CO*45*56~REF*6R*0~REF*HPI*1902991391~AMT*B6*69~SE*68*0006~GE*6*159112148~IEA*1*159112148~
