ISA*00*          *00*          *ZZ*330897513      *ZZ*ASSOCIATEDBC   *131028*0813*U*00401*159388806*0*P*:~GS*HP*330897513*ASSOCIATEDBC*20131028*0813*159388806*X*004010X091A1~ST*835*0001~BPR*I*145*C*ACH*CCP*01*124384877*DA*1470858534*1411289245*000087726*01*323371076*DA*17606003194*20131028~TRN*1*1QG92832433*1411289245*000087726~DTM*405*20131023~N1*PR*UNITED HEALTHCARE INSURANCE COMPANY*XV*87726~N3*9900 BREN ROAD~N4*MINNETONKA*MN*553430000~REF*2U*87726~PER*CX*ATLANTA SERVICE CENTER*TE*8778423210~N1*PE*KATHI L JACKSON PHD*XX*1144266438~N3*2731 WETMORE AVENUE 240~N4*EVERETT*WA*982010000~REF*TJ*447585592~LX*1~TS3*1144266438*11*20131231*3*900~CLP*762673029*1*300*145*40*13*4308148952 0057854805*11~NM1*QC*1*BROPHY*BRITTANY~NM1*IL*1*BROPHY*BARRY****MI*823993638~REF*1L*228485~REF*CE*CHOYC+~DTM*050*20131016~DTM*232*20131001~DTM*233*20131008~AMT*AU*300~SVC*HC:90834*150*72.5**1~DTM*472*20131001~CAS*CO*45*57.5~CAS*PR*3*20~REF*6R*014762673029~AMT*B6*92.5~SVC*HC:90834*150*72.5**1~DTM*472*20131008~CAS*CO*45*57.5~CAS*PR*3*20~REF*6R*015762673029~AMT*B6*92.5~CLP*762673032*1*300*0*185*13*4308148951 0028178514*11~NM1*QC*1*FITZMAURICE*BRITTANY~NM1*IL*1*FITZMAURICE*CHRIS****MI*808822491~NM1*74*1*FITZMAURICE*CHRISTOPHER*D~REF*1L*701603~REF*CE*CHOYC+~DTM*050*20131016~DTM*232*20131005~DTM*233*20131012~AMT*AU*300~SVC*HC:90834*150*0**1~DTM*472*20131005~CAS*CO*45*57.5~CAS*PR*1*92.5~REF*6R*024762673032~AMT*B6*92.5~SVC*HC:90834*150*0**1~DTM*472*20131012~CAS*CO*45*57.5~CAS*PR*1*92.5~REF*6R*025762673032~AMT*B6*92.5~CLP*762673039*1*300*0*102.25*13*4310677860 0034419561*11~NM1*QC*1*WAITE*ISOBEL~NM1*IL*1*WAITE*BENJAMIN****MI*879663234~NM1*74*1*WAITE*BENJAMIN*I~REF*1L*700563~REF*CE*CHOYC+~DTM*050*20131018~DTM*232*20131012~AMT*AU*300~SVC*HC:90791*300*0**1~DTM*472*20131012~CAS*CO*45*197.75~CAS*PR*1*102.25~REF*6R*028762673039~AMT*B6*102.25~SE*74*0001~ST*835*0002~BPR*I*40*C*CHK************20131024~TRN*1*OD40554862*1411289245*000087726~DTM*405*20131024~N1*PR*UNITED HEALTHCARE INSURANCE COMPANY*XV*87726~N3*EMPIRE MHSA SERVICE CENTER*PO BOX 5190~N4*KINGSTON*NY*124025190~REF*2U*87726~PER*CX*EMPIRE MHSA SERVICE CENTER*TE*8777697447~N1*PE*NANCY SAXTON LOPEZ*XX*1053490193~N3*6 PROSPECT ST STE 3B~N4*MIDLAND PARK*NJ*074320000~REF*TJ*096386775~LX*1~TS3*1053490193*11*20131231*1*125~CLP*762651588*1*125*40*20*12*4308148621 0287613930*11~NM1*QC*1*MORRIS*LINDA~NM1*IL*1*MORRIS*LINDA****MI*890149798~NM1*74*1*MORRIS*L*B~REF*1L*715116~REF*CE*OPT PPO~REF*G1*97NL8W-01 (OPTU~DTM*050*20131016~DTM*232*20131008~AMT*AU*125~SVC*HC:90834*125*40**1~DTM*472*20131008~CAS*CO*45*65~CAS*PR*3*20~REF*6R*772762651588~AMT*B6*60~SE*32*0002~ST*835*0003~BPR*I*30*C*CHK************20131024~TRN*1*PG40965171*1411289245*000087726~DTM*405*20131024~N1*PR*UNITED HEALTHCARE INSURANCE COMPANY*XV*87726~N3*KINGSTON SERVICE CENTER*PO BOX 740800~N4*ATLANTA*GA*303740800~REF*2U*87726~PER*CX*KINGSTON SERVICE CENTER*TE*8778423210~N1*PE*NANCY SAXTON LOPEZ*XX*1053490193~N3*6 PROSPECT ST STE 3B~N4*MIDLAND PARK*NJ*074320000~REF*TJ*096386775~LX*1~TS3*1053490193*11*20131231*1*125~CLP*970114223*1*125*30*30*13*4314897915 0004522888*11~NM1*QC*1*HAND*SARIT~NM1*IL*1*HAND*SARIT****MI*970114223~NM1*74*1*HAND*SARIT*F~REF*1L*752233~REF*CE*CHOYC+~DTM*050*20131022~DTM*232*20131015~AMT*AU*125~SVC*HC:90834*125*30**1~DTM*472*20131015~CAS*CO*45*65~CAS*PR*3*30~REF*6R*784970114223~AMT*B6*60~SE*31*0003~ST*835*0004~BPR*I*48*C*CHK************20131024~TRN*1*PH87521433*1411289245*000087726~DTM*405*20131024~N1*PR*UNITED HEALTHCARE INSURANCE COMPANY*XV*87726~N3*GREENSBORO SERVICE CENTER*P.O. BOX 740800~N4*ATLANTA*GA*303740800~REF*2U*87726~PER*CX*GREENSBORO SERVICE CENTER*TE*8778423210~N1*PE*NANCY SAXTON LOPEZ*XX*1053490193~N3*6 PROSPECT ST STE 3B~N4*MIDLAND PARK*NJ*074320000~REF*TJ*096386775~LX*1~TS3*1053490193*11*20131231*1*125~CLP*764970596*1*125*48*12*13*4314897914 0057957668*11~NM1*QC*1*HIGDON*ERICA~NM1*IL*1*HIGDON*WILLIAM****MI*927727818~NM1*74*1*HIGDON*WILLIAM*D~REF*1L*230093~REF*CE*CHOYC+~DTM*050*20131022~DTM*232*20131016~AMT*AU*125~SVC*HC:90834*125*48**1~DTM*472*20131016~CAS*CO*45*65~CAS*PR*2*12~REF*6R*786764970596~AMT*B6*60~SE*31*0004~GE*4*159388806~IEA*1*159388806~
