ISA*00*          *00*          *ZZ*330897513      *ZZ*ASSOCIATEDBC   *131028*1031*^*00501*159407134*0*P*:~GS*HP*330897513*ASSOCIATEDBC*20131028*1031*159407134*X*005010X221A1~ST*835*0001~BPR*I*54.93*C*ACH*CCP*01*043301627*DA*1028939671*1571132733*000000000*01*231372691*DA*0181143836*20131025~TRN*1*5032789296NA4*1571132733*000000000~REF*EV*7GW0013CA3~REF*F2*262135919     R81031023013718~DTM*405*20131023~N1*PR*PGBA, LLC~N3*TRICARE NORTH REGION CLAIMS*P.O. BOX 870140~N4*SURFSIDE BEACH*SC*295879740~PER*CX*TRICARE NORTH REGION CLAIMS CORRESPONDENCE*TE*8778742273~PER*BL*TRICARE ELECTRONIC CLAIMS SERVICE CENTER*TE*8003255920~N1*PE*MAUREEN M WIESE-WAIBEL LCSW*XX*1902991391~N3*1800 RARITAN RD~N4*CLARK*NJ*07066~REF*TJ*262135919~LX*1~CLP*120000A131001*1*125*54.93**CH*3275X0ZLW-00*11*1~NM1*QC*1*ESMERADO*JOSEPH*P***HN*120000A131001~DTM*050*20131002~AMT*AU*54.93~SVC*HC:90834*125*54.93~DTM*472*20130927~CAS*CO*45*70.07~REF*6R*0~AMT*B6*54.93~LX*2~CLP*145000A131016*1*125*0*54.93*CH*3289X5NW3-00*11*1~NM1*QC*1*ESMERADO*JOSEPH*P***HN*145000A131016~DTM*050*20131016~AMT*AU*54.93~SVC*HC:90834*125*0~DTM*472*20131004~CAS*CO*45*70.07~CAS*PR*1*54.93~REF*6R*0~AMT*B6*54.93~SE*37*0001~GE*1*159407134~IEA*1*159407134~
