ISA*00*          *00*          *ZZ*330897513      *ZZ*ASSOCIATEDBC   *131029*1734*^*00501*159672048*0*P*:~GS*HP*330897513*ASSOCIATEDBC*20131029*1734*159672048*X*005010X221A1~ST*835*0001~BPR*H*0*C*NON************20131030~TRN*1*012767327*1216000928~REF*EV*9904204~DTM*405*20131025~N1*PR*NEW JERSEY MEDICAID~N3*3705 QUAKERBRIDGE ROAD, SUITE 101~N4*TRENTON*NJ*086191288~PER*CX*NEW JERSEY MEDICAID PROVIDER SERVICES*TE*8007766334~PER*BL*NEW JERSEY EDI UNIT*TE*6095886051*EM*NJMMISEDI@MOLINAHEALTHCARE.COM*FX*6095848268~PER*IC**UR*WWW.NJMMIS.COM~N1*PE*WAY          KAREN      GPHD*XX*1477603942~REF*PQ*0225177~REF*TJ*008388097~LX*1~CLP*114300A130930*2*150*0**MC*201329822675201-0670*11*1~NM1*QC*1*HAMMOND*NORMAN****MR*122081285101~REF*EA*0913274461490~DTM*232*20130917~DTM*233*20130917~SVC*HC:90834*150*0**1**0~DTM*472*20130917~CAS*CO*45*150~REF*6R*0~LQ*HE*M86~CLP*128700A131007*2*150*0**MC*201329821915501-0670*11*1~NM1*QC*1*ZABOROWSKI*RAYMOND*T***MR*122077125801~REF*EA*0913281468260~DTM*232*20130923~DTM*233*20130923~SVC*HC:90834*150*0**1**0~DTM*472*20130923~CAS*CO*45*150~REF*6R*0~LQ*HE*M86~CLP*128600A131007*2*150*0**MC*201329821915401-0670*11*1~NM1*QC*1*GRIMALDI*JENNIFER*J***MR*212080697401~REF*EA*0913281468250~DTM*232*20130923~DTM*233*20130923~SVC*HC:90834*150*0**1**0~DTM*472*20130923~CAS*CO*45*150~REF*6R*0~LQ*HE*M86~CLP*129500A131007*2*150*0**MC*201329821915502-0670*11*1~NM1*QC*1*ZABOROWSKI*RAYMOND*T***MR*122077125801~REF*EA*0913281468290~DTM*232*20130925~DTM*233*20130925~SVC*HC:90834*150*0**1**0~DTM*472*20130925~CAS*CO*45*150~REF*6R*0~LQ*HE*M86~CLP*129900A131007*2*150*0**MC*201329821396201-03060670*11*1~NM1*QC*1*FRAMPTON*STEPHEN****MR*152030463701~REF*EA*0913281468310~DTM*232*20130926~DTM*233*20130926~SVC*HC:90834*150*0**1**0~DTM*472*20130926~CAS*CO*45*150~REF*6R*0~LQ*HE*MA80~LQ*HE*M86~CLP*131000A131007*2*150*0**MC*201329821915503-0670*11*1~NM1*QC*1*ZABOROWSKI*RAYMOND*T***MR*122077125801~REF*EA*0913281468350~DTM*232*20130930~DTM*233*20130930~SVC*HC:90834*150*0**1**0~DTM*472*20130930~CAS*CO*45*150~REF*6R*0~LQ*HE*M86~CLP*130900A131007*2*150*0**MC*201329821915402-0670*11*1~NM1*QC*1*GRIMALDI*JENNIFER*J***MR*212080697401~REF*EA*0913281468340~DTM*232*20130930~DTM*233*20130930~SVC*HC:90834*150*0**1**0~DTM*472*20130930~CAS*CO*45*150~REF*6R*0~LQ*HE*M86~CLP*131400A131007*2*150*0**MC*201329822675202-0670*11*1~NM1*QC*1*HAMMOND*NORMAN****MR*122081285101~REF*EA*0913281468370~DTM*232*20131001~DTM*233*20131001~SVC*HC:90834*150*0**1**0~DTM*472*20131001~CAS*CO*45*150~REF*6R*0~LQ*HE*M86~CLP*131800A131007*2*150*0**MC*201329821915504-0670*11*1~NM1*QC*1*ZABOROWSKI*RAYMOND*T***MR*122077125801~REF*EA*0913281468390~DTM*232*20131002~DTM*233*20131002~SVC*HC:90834*150*0**1**0~DTM*472*20131002~CAS*CO*45*150~REF*6R*0~LQ*HE*M86~SE*107*0001~GE*1*159672048~IEA*1*159672048~
