ISA*00*          *00*          *ZZ*330897513      *ZZ*ASSOCIATEDBC   *131029*1734*U*00401*159672053*0*P*:~GS*HP*330897513*ASSOCIATEDBC*20131029*1734*159672053*X*004010X091A1~ST*835*0001~BPR*I*168*C*ACH*CCP*01*031100225*DA*2079950064280/*1220999690**01*021200339*DA*009446669199*20131026~TRN*1*0004444325*1220999690*8352013102801321906~REF*EV*1033218813~DTM*405*20131026~N1*PR*HORIZON BCBSNJ~N3*PAYOR ADDRESS 1~N4*NEWARK*NJ*071010420~REF*2U*22099~N1*PE*R T ARENA PHD*XX*1033218813~N3*49 MARKET ST~N4*SADDLE BROOK*NJ*076634849~REF*PQ*0533279390~REF*TJ*053327939~LX*1~CLP*763737597*1*150*33*40*13*780261329416655   00**1~NM1*QC*1*DEMPSEY*DONNA****MI*3HZN477885100~NM1*74*1*DEMPSEY*DONNA*M***C*YKQ3HZN47788510~NM1*82*2*R T ARENA PHD*****XX*1033218813~DTM*050*20131021~DTM*232*20131001~DTM*233*20131001~AMT*AU*73~AMT*T2*33~SVC*HC:99199*150*33**1*HC:90837~DTM*472*20131001~CAS*PR*3*40~CAS*CO*45*77~REF*6R*355763737597~REF*HPI*1033218813~AMT*B6*73~CLP*763737600*1*200*90*5*13*780261329422851   00**1~NM1*QC*1*FIGUEROA*CESAR****MI*YHQ3HZN17690690~NM1*82*2*R T ARENA PHD*****XX*1033218813~DTM*050*20131021~DTM*232*20131009~DTM*233*20131009~PER*CX*HORIZON BLUE CROSS BLUE SHIELD OF NEW JERSEY DIRECT ACCESS*TE*8006241110~AMT*AU*95~AMT*T2*90~SVC*HC:99199*200*90**1*HC:90791~DTM*472*20131009~CAS*PR*3*5~CAS*CO*45*105~REF*6R*360763737600~REF*HPI*1033218813~AMT*B6*95~CLP*763758840*1*200*45*50*13*780261329416529   00**1~NM1*QC*1*KOZELL*DEBORAH****MI*YHQ3HZN53725640~NM1*IL*1*KOZELL*JOSEPH****MI*3HZN537256400~NM1*74*1*KOZELL*JOSEPH*M***C*3HZN537256400~NM1*82*2*R T ARENA PHD*****XX*1033218813~DTM*050*20131021~DTM*232*20131015~DTM*233*20131015~PER*CX*HORIZON BLUE CROSS BLUE SHIELD OF NEW JERSEY DIRECT ACCESS*TE*8006241110~AMT*AU*95~AMT*T2*45~SVC*HC:99199*200*45**1*HC:90791~DTM*472*20131015~CAS*PR*3*50~CAS*CO*45*105~REF*6R*149763758840~REF*HPI*1033218813~AMT*B6*95~CLP*763737609*1*300*0*146*13*780261329416530   00**1~NM1*QC*1*ROTHSCHILD*SHARON****MI*YHQ3HZN18978820~NM1*82*2*R T ARENA PHD*****XX*1033218813~DTM*050*20131021~DTM*232*20131001~DTM*233*20131008~PER*CX*HORIZON BLUE CROSS BLUE SHIELD OF NEW JERSEY DIRECT ACCESS*TE*8006241110~AMT*AU*146~SVC*HC:99199*150*0**1*HC:90837~DTM*472*20131001~CAS*PR*1*73~CAS*CO*45*77~REF*6R*381763737609~REF*HPI*1033218813~AMT*B6*73~SVC*HC:99199*150*0**1*HC:90837~DTM*472*20131008~CAS*PR*1*73~CAS*CO*45*77~REF*6R*382763737609~REF*HPI*1033218813~AMT*B6*73~SE*88*0001~ST*835*0002~BPR*I*45*C*ACH*CCP*01*031100225*DA*2079950064280/*1220999690**01*231372691*DA*0181143836*20131026~TRN*1*0004449378*1220999690*8352013102801130847~REF*EV*1902991391~DTM*405*20131026~N1*PR*HORIZON BCBSNJ~N3*PAYOR ADDRESS 1~N4*NEWARK*NJ*071010420~REF*2U*22099~N1*PE*M M WIESE WAIBEL LCSW*XX*1902991391~N3*800 RARITAN RD~N4*CLARK*NJ*070661710~REF*PQ*2621359190~REF*TJ*262135919~LX*1~CLP*144800A131016*1*125*45*15*13*780261329209340   00**1~NM1*QC*1*SOMERS*ELAINE****MI*YHQ3HZN03939260~NM1*IL*1*SOMERS*ROBERT****MI*3HZN039392600~NM1*82*2*M M WIESE WAIBEL LCSW*****XX*1902991391~DTM*050*20131018~DTM*232*20131004~DTM*233*20131004~PER*CX*HORIZON BLUE CROSS BLUE SHIELD OF NEW JERSEY DIRECT ACCESS*TE*8006241110~AMT*AU*60~AMT*T2*45~SVC*HC:99199*125*45**1*HC:90834~DTM*472*20131004~CAS*PR*3*15~CAS*CO*45*65~REF*6R*0~REF*HPI*1902991391~AMT*B6*60~SE*33*0002~ST*835*0003~BPR*I*72*C*ACH*CCP*01*031100225*DA*2079950064280/*1220999690**01*021200025*DA*2000030280694*20131026~TRN*1*0004445609*1220999690*8352013102801140986~REF*EV*1598809212~DTM*405*20131026~N1*PR*HORIZON BCBSNJ~N3*PAYOR ADDRESS 1~N4*NEWARK*NJ*071010420~REF*2U*22099~N1*PE*W BENTON PHD*XX*1598809212~N3*PO BOX 3524~N4*UNION*NJ*070831896~REF*PQ*2083116130~REF*TJ*208311613~LX*1~CLP*765030978*1*160*72*20*12*780271329610475   00**1~NM1*QC*1*TAMAYO*AIDEN****MI*DZVAN4489211~NM1*IL*1*TAMAYO*GEORGE****MI*DZVAN4489211~NM1*82*2*W  BENTON PHD*****XX*1598809212~DTM*050*20131023~DTM*232*20131002~DTM*233*20131002~AMT*AU*92~AMT*T2*72~SVC*HC:99199*160*72**1*HC:90834~DTM*472*20131002~CAS*PR*3*20~CAS*CO*45*68~REF*6R*999765030978~REF*HPI*1598809212~AMT*B6*92~SE*32*0003~GE*3*159672053~IEA*1*159672053~
