ISA*00*          *00*          *ZZ*330897513      *ZZ*ASSOCIATEDBC   *131030*2145*^*00501*159872989*0*P*:~GS*HP*330897513*ASSOCIATEDBC*20131030*2145*159872989*X*005010X221A1~ST*835*0001~BPR*I*349*C*ACH*CCP*01*011900445*DA*0000009046*1066033492**01*031201360*DA*7869322623*20131104~TRN*1*813302560000733*1066033492~REF*EV*330897513~DTM*405*20131030~N1*PR*AETNA~N3*151 FARMINGTON AVENUE~N4*HARTFORD*CT*06156~PER*BL*PROVIDER SERVICE~N1*PE*CENTER FOR PSYCHOLOGICAL SERVICES OF SOMERSET COUN*XX*1457686560~N3*491 AMWELL RD STE 103~N4*HILLSBOROUGH*NJ*088448212~REF*PQ*149850620~REF*TJ*263895688~LX*1~TS3*1457686560*11*20131231*3*525~CLP*0*1*175*43*30*13*EQTV9ZB9G0000*11~NM1*QC*1*BOROWSKI*ROBERT~NM1*IL*1*BOROWSKI*VIRNI****MI*W159995912~NM1*74*1**VIRNA*B~NM1*82*1*DEMARZO*LAURA****XX*1255372603~REF*1L*0622709-010-00048- A~DTM*050*20131028~DTM*232*20131018~DTM*233*20131018~PER*CX**TE*8886323862~AMT*AU*175~SVC*HC:90834*175*43**1~DTM*472*20131018~CAS*CO*45*102~CAS*PR*3*30~REF*6R*00000000001~AMT*B6*73~CLP*0*1*175*43*30*13*E3AA9BFZY0000*11~NM1*QC*1*BOROWSKI*ROBERT~NM1*IL*1*BOROWSKI*VIRNI****MI*W159995912~NM1*74*1**VIRNA*B~NM1*82*1*DEMARZO*LAURA****XX*1255372603~REF*1L*0622709-010-00048- A~DTM*050*20131021~DTM*232*20131011~DTM*233*20131011~PER*CX**TE*8886323862~AMT*AU*175~SVC*HC:90834*175*43**1~DTM*472*20131011~CAS*CO*45*102~CAS*PR*3*30~REF*6R*00000000001~AMT*B6*73~CLP*0*1*175*53*20*13*E8FA9DVM80000*11~NM1*QC*1*KOWALS*DONNA~NM1*IL*1*KOWALS*WILLIAM****MI*W142607390~NM1*82*1*DEMARZO*LAURA****XX*1255372603~REF*1L*0884166-050-00201-JA~DTM*050*20131028~DTM*232*20131017~DTM*233*20131017~PER*CX**TE*8886323862~AMT*AU*175~SVC*HC:90834*175*53**1~DTM*472*20131017~CAS*CO*45*102~CAS*PR*3*20~REF*6R*00000000001~AMT*B6*73~LX*2~TS3*1457686560*11*20131231*2*300~CLP*0*1*150*35*25*13*EXTV8964Y0000*11~NM1*QC*1*AMPLO*HALEY~NM1*IL*1*AMPLO*ELIZABETH****MI*W151611838~NM1*82*1*MOTZ*JANMARIE****XX*1457686560~REF*1L*0619309-010-00001- A~DTM*050*20131023~DTM*232*20131007~DTM*233*20131007~PER*CX**TE*8886323862~AMT*AU*150~SVC*HC:90834*150*35**1~DTM*472*20131007~CAS*CO*45*90~CAS*PR*3*25~REF*6R*00000000001~AMT*B6*60~CLP*0*1*150*45*15*13*EYFA8964Q0000*11~NM1*QC*1*DUPUIS*MOLLY~NM1*IL*1*DUPUIS*AMY****MI*W460547403~NM1*74*1**AMY LEE*L~NM1*82*1*MOTZ*JANMARIE****XX*1457686560~REF*1L*0701087-022-00002-UA~DTM*050*20131023~DTM*232*20131007~DTM*233*20131007~PER*CX**TE*8886323862~AMT*AU*150~SVC*HC:90834*150*45**1~DTM*472*20131007~CAS*CO*45*90~CAS*PR*3*15~REF*6R*00000000001~AMT*B6*60~LX*3~TS3*1457686560*11*20131231*1*150~CLP*0*1*150*45*15*13*EXJK8964Q0000*11~NM1*QC*1*GIRI*RIA~NM1*IL*1*BHATTACHARYYA*SUCHARITA****MI*W183770480~NM1*82*1*MULVANERTON*MAUREEN****XX*1750568705~REF*1L*0479265-018-00001- A~DTM*050*20131023~DTM*232*20131005~DTM*233*20131005~PER*CX**TE*8886323862~AMT*AU*150~SVC*HC:90834*150*45**1~DTM*472*20131005~CAS*CO*45*90~CAS*PR*3*15~REF*6R*00000000001~AMT*B6*60~LX*4~TS3*1457686560*11*20131231*1*150~CLP*0*1*150*40*20*13*E2YZ88M1W0000*11~NM1*QC*1*BRIGHT*CAROL~NM1*IL*1*BRIGHT*CAROL****MI*W198176939~NM1*82*1*RITTER*LINDA****XX*1144599416~REF*1L*0698021-017-00001-AA~DTM*050*20131021~DTM*232*20131014~DTM*233*20131014~PER*CX**TE*8886323862~AMT*AU*150~SVC*HC:90834*150*40**1~DTM*472*20131014~CAS*CO*45*90~CAS*PR*3*20~REF*6R*00000000001~AMT*B6*60~LX*5~TS3*1457686560*11*20131231*1*175~CLP*0*1*175*45*15*13*EXAA896430000*11~NM1*QC*1*VANDERBEEK*JOHN*R~NM1*IL*1*CROFTS*FRANCIS****MI*W142202122~NM1*74*1**FRANCES*G~NM1*82*1*HOUSER*MEGAN****XX*1972844751~REF*1L*0701087-022-00003-UA~DTM*050*20131023~DTM*232*20131017~DTM*233*20131017~PER*CX**TE*8886323862~AMT*AU*175~SVC*HC:90834*175*45**1~DTM*472*20131017~CAS*CO*45*115~CAS*PR*3*15~REF*6R*00000000001~AMT*B6*60~SE*157*0001~ST*835*0002~BPR*I*228*C*ACH*CCP*01*031100209*DA*0000009108*1066033492**01*031201360*DA*7869322623*20131104~TRN*1*813302500000764*1066033492~REF*EV*330897513~DTM*405*20131030~N1*PR*AETNA~N3*151 FARMINGTON AVENUE~N4*HARTFORD*CT*06156~PER*BL*PROVIDER SERVICE~N1*PE*CENTER FOR PSYCHOLOGICAL SERVICES OF SOMERSET COUN*XX*1457686560~N3*491 AMWELL RD STE 103~N4*HILLSBOROUGH*NJ*088448212~REF*PQ*149850620~REF*TJ*263895688~LX*1~TS3*1457686560*11*20131231*1*175~CLP*0*1*175*33*40*13*E8PA9CTWS0000*11~NM1*QC*1*GLICKLIN*LEEANN~NM1*IL*1*GLICKLIN*BRIAN****MI*W191820838~NM1*82*1*DEMARZO*LAURA****XX*1255372603~REF*1L*0512579-011-00002- C~DTM*050*20131028~DTM*232*20131021~DTM*233*20131021~PER*CX**TE*8886323862~AMT*AU*175~SVC*HC:90834*175*33**1~DTM*472*20131021~CAS*CO*45*102~CAS*PR*3*40~REF*6R*00000000001~AMT*B6*73~LX*2~TS3*1457686560*11*20131231*1*300~CLP*0*1*300*120*40*14*EYPA8964R0000*11~NM1*QC*1*LIPPE*SAMANTHA~NM1*IL*1*LIPPE*ALEX****MI*W165150040~NM1*74*1**ALEX B.~NM1*82*1*MOTZ*JANMARIE****XX*1457686560~REF*1L*0702711-010-00009- Q~DTM*050*20131023~DTM*232*20131007~DTM*233*20131014~PER*CX**TE*8886323862~AMT*AU*300~SVC*HC:90834*150*60**1~DTM*472*20131007~CAS*CO*45*70~CAS*PR*3*20~REF*6R*00000000001~AMT*B6*80~SVC*HC:90834*150*60**1~DTM*472*20131014~CAS*CO*45*70~CAS*PR*3*20~REF*6R*00000000002~AMT*B6*80~LX*3~TS3*1457686560*11*20131231*1*150~CLP*0*1*150*65*15*13*E3349BGR70000*11~NM1*QC*1*TRAUTWEIN*SUZANNE~NM1*IL*1*TRAUTWEIN*SUZANNE****MI*W193389892~NM1*82*1*HEEG*KATHERINE*A***XX*1497833776~REF*1L*0842847-011-00001-AA~DTM*050*20131021~DTM*232*20131011~DTM*233*20131011~PER*CX**TE*8886323862~AMT*AU*150~SVC*HC:90834*150*65**1~DTM*472*20131011~CAS*CO*45*70~CAS*PR*3*15~REF*6R*00000000001~AMT*B6*80~LX*4~TS3*1457686560*11*20131231*1*150~CLP*0*1*150*10*50*HM*E2PA89BGT0000*11~NM1*QC*1*YOUNGBERG*KENT~NM1*IL*1*YOUNGBERG*KENT****MI*BBP6SF4A~NM1*74*1***J***C*W157850977~NM1*82*1*RITTER*LINDA****XX*1144599416~REF*1L*0790671-015-00000- E~DTM*050*20131021~DTM*232*20131010~DTM*233*20131010~PER*CX**TE*8886323862~AMT*AU*150~SVC*HC:90834*150*10**1~DTM*472*20131010~CAS*CO*45*90~CAS*PR*3*50~REF*6R*00000000001~AMT*B6*60~SE*95*0002~ST*835*0003~BPR*I*240*C*ACH*CCP*01*011900445*DA*0000009046*1066033492**01*021200025*DA*2000030280694*20131104~TRN*1*813302510000711*1066033492~REF*EV*330897513~DTM*405*20131030~N1*PR*AETNA~N3*151 FARMINGTON AVENUE~N4*HARTFORD*CT*06156~PER*BL*PROVIDER SERVICE~N1*PE*BENTON, WAYMON*XX*1598809212~N3*PO BOX 3524~N4*UNION*NJ*070831896~REF*PQ*536778860~REF*TJ*208311613~LX*1~TS3*1598809212*11*20131231*4*1280~CLP*765030955*1*480*90*90*13*ECJK9V5V50000*11*1~NM1*QC*1*DELUCA*ALESSANDRA~NM1*IL*1*DELUCA*MARIA****MI*W187229724~NM1*82*1*BENTON*WAYMON****XX*1598809212~REF*1L*0836414-010-00001- A~DTM*050*20131022~DTM*232*20131005~DTM*233*20131012~PER*CX**TE*8886323862~AMT*AU*480~SVC*HC:90834*160*30**1~DTM*472*20131005~CAS*CO*45*100~CAS*PR*3*30~REF*6R*968765030955~AMT*B6*60~SVC*HC:90834*160*30**1~DTM*472*20131011~CAS*CO*45*100~CAS*PR*3*30~REF*6R*969765030955~AMT*B6*60~SVC*HC:90834*160*30**1~DTM*472*20131012~CAS*CO*45*100~CAS*PR*3*30~REF*6R*970765030955~AMT*B6*60~CLP*765030956*1*320*60*60*13*ECTV9WJRW0000*11*1~NM1*QC*1*DELUCA*MARIA****MI*W187229724~NM1*82*1*BENTON*WAYMON****XX*1598809212~REF*1L*0836414-010-00001- A~DTM*050*20131022~DTM*232*20131001~DTM*233*20131008~PER*CX**TE*8886323862~AMT*AU*320~SVC*HC:90834*160*30**1~DTM*472*20131001~CAS*CO*45*100~CAS*PR*3*30~REF*6R*971765030956~AMT*B6*60~SVC*HC:90834*160*30**1~DTM*472*20131008~CAS*CO*45*100~CAS*PR*3*30~REF*6R*972765030956~AMT*B6*60~CLP*765030958*1*160*30*30*13*ECTV9WJYB0000*11*1~NM1*QC*1*FLINT*STEPHANIE****MI*W198353706~NM1*82*1*BENTON*WAYMON****XX*1598809212~REF*1L*0836414-010-00067- A~DTM*050*20131022~DTM*232*20131003~DTM*233*20131003~PER*CX**TE*8886323862~AMT*AU*160~SVC*HC:90834*160*30**1~DTM*472*20131003~CAS*CO*45*100~CAS*PR*3*30~REF*6R*974765030958~AMT*B6*60~CLP*3HZN59425320*1*320*60*60*13*EDFA9V9Z90000*11*1~NM1*QC*1*WOLFF*RENEE****MI*W187229515~NM1*82*1*BENTON*WAYMON****XX*1598809212~REF*1L*0836414-010-00001- A~DTM*050*20131022~DTM*232*20131001~DTM*233*20131008~PER*CX**TE*8886323862~AMT*AU*320~SVC*HC:90834*160*30**1~DTM*472*20131001~CAS*CO*45*100~CAS*PR*3*30~REF*6R*0053HZN59425320~AMT*B6*60~SVC*HC:90834*160*30**1~DTM*472*20131008~CAS*CO*45*100~CAS*PR*3*30~REF*6R*0063HZN59425320~AMT*B6*60~SE*102*0003~ST*835*0004~BPR*I*180*C*ACH*CCP*01*031100209*DA*0000009108*1066033492**01*021200025*DA*2000030280694*20131104~TRN*1*813302490000612*1066033492~REF*EV*330897513~DTM*405*20131030~N1*PR*AETNA~N3*151 FARMINGTON AVENUE~N4*HARTFORD*CT*06156~PER*BL*PROVIDER SERVICE~N1*PE*BENTON, WAYMON*XX*1598809212~N3*PO BOX 3524~N4*UNION*NJ*070831896~REF*PQ*536778860~REF*TJ*208311613~LX*1~TS3*1598809212*11*20131231*2*495~CLP*3HZN16886150*1*175*60**13*ECJK9V5PQ0000*11*1~NM1*QC*1*BIOLSI*JAMES*P***MI*BBTCBRHA~NM1*74*1******C*W187130744~NM1*82*1*BENTON*WAYMON****XX*1598809212~REF*1L*0307281-011-00001-AA~DTM*050*20131022~DTM*232*20131005~DTM*233*20131005~PER*CX**TE*8886323862~AMT*AU*175~SVC*HC:90847*175*60**1~DTM*472*20131005~CAS*CO*45*115~REF*6R*9613HZN16886150~AMT*B6*60~CLP*765030980*1*320*120**13*EDFA9V95R0000*11*1~NM1*QC*1*TERIELL*MALA****MI*W201063423~NM1*74*1*TERRELL**R~NM1*82*1*BENTON*WAYMON****XX*1598809212~REF*1L*0837226-010-00000- A~DTM*050*20131022~DTM*232*20131011~DTM*233*20131012~PER*CX**TE*8886323862~AMT*AU*320~SVC*HC:90834*160*60**1~DTM*472*20131011~CAS*CO*45*100~REF*6R*001765030980~AMT*B6*60~SVC*HC:90834*160*60**1~DTM*472*20131012~CAS*CO*45*100~REF*6R*002765030980~AMT*B6*60~SE*52*0004~GE*4*159872989~IEA*1*159872989~
