ISA*00*          *00*          *ZZ*330897513      *ZZ*ASSOCIATEDBC   *131031*1927*^*00501*160041120*0*P*:~GS*HP*330897513*ASSOCIATEDBC*20131031*1927*160041120*X*005010X221A1~ST*835*0001~BPR*I*830*C*CHK************20131030~TRN*1*CC-31718121*1066033492~REF*EV*330897513~DTM*405*20131031~N1*PR*AETNA~N3*151 FARMINGTON AVENUE~N4*HARTFORD*CT*06156~PER*BL*PROVIDER SERVICE~N1*PE*BRATMAN, CYNTHIA*XX*1184788275~N3*20 NASSAU ST STE 209~N4*PRINCETON*NJ*085424509~REF*PQ*527610860~REF*TJ*200286572~LX*1~TS3*1184788275*11*20131231*3*1125~CLP*767848488*1*175*150*10*HM*131029E223380000*11*1~NM1*QC*1*LAPALME*MICHELLE~NM1*IL*1*LAPALME*CHARLES****MI*BBR7T9DC~NM1*82*2*BRATMAN, CYNTHIA*****XX*1184788275~REF*1L*01405E-198~REF*CE*NJ EMPLOYEE PLAN~DTM*050*20131029~DTM*232*20131018~DTM*233*20131018~PER*CX**TE*8006240756~AMT*AU*175~SVC*HC:90834*175*150**1~DTM*472*20131018~CAS*CO*45*15~CAS*PR*3*10~REF*6R*418767848488~AMT*B6*160~CLP*767848490*1*175*140*20*HM*131029E223390000*11*1~NM1*QC*1*TATTENBAUM*ELLEN****MI*BBKJDW6A~NM1*82*2*BRATMAN, CYNTHIA*****XX*1184788275~REF*1L*001812-063~REF*CE*PATRIOT XV FLX PLAN~DTM*050*20131029~DTM*232*20131010~DTM*233*20131010~PER*CX**TE*8006240756~AMT*AU*175~SVC*HC:90834*175*140**1~DTM*472*20131010~CAS*CO*45*15~CAS*PR*3*20~REF*6R*420767848490~AMT*B6*160~CLP*767848486*1*775*540*100*HM*131029E309660000*11*1~NM1*QC*1*HAAS*TIMOTHY****MI*BBMK0QBA~NM1*82*2*BRATMAN, CYNTHIA*****XX*1184788275~REF*1L*003015-014~REF*CE*PATRIOT XV CUSTOM PLAN~DTM*050*20131029~DTM*232*20131007~DTM*233*20131017~PER*CX**TE*8006240756~AMT*AU*775~SVC*HC:90834*175*135**1~DTM*472*20131007~CAS*CO*45*15~CAS*PR*3*25~REF*6R*410767848486~AMT*B6*160~SVC*HC:90834*175*135**1~DTM*472*20131011~CAS*CO*45*15~CAS*PR*3*25~REF*6R*411767848486~AMT*B6*160~SVC*HC:90837*250*135**1~DTM*472*20131014~CAS*CO*45*90~CAS*PR*3*25~REF*6R*412767848486~AMT*B6*160~SVC*HC:90834*175*135**1~DTM*472*20131017~CAS*CO*45*15~CAS*PR*3*25~REF*6R*413767848486~AMT*B6*160~SE*84*0001~GE*1*160041120~IEA*1*160041120~
