ISA*00*          *00*          *ZZ*330897513      *ZZ*ASSOCIATEDBC   *131101*0104*^*00501*160065135*0*P*:~GS*HP*330897513*ASSOCIATEDBC*20131101*0104*160065135*X*005010X221A1~ST*835*0001~BPR*I*60*C*CHK************20131030~TRN*1*704801354*1411648670~REF*EV*870426777~REF*F2*1~DTM*405*20131031~N1*PR*CIGNA BEHAVIORAL HEALTH INC.~N3*P.O. BOX 182223~N4*CHATTANOOGA*TN*374227223~PER*BL*HP*EM*CLAIMS.INTAKE.APP.SUPPORT@HP.COM~PER*IC**UR*WWW.CIGNAFORHCP.COM~N1*PE*DEBRA D CHATMAN-FINLEY MS*XX*1346469632~N3*134 W END AVE # 2~N4*SOMERVILLE*NJ*088761816~REF*TJ*264224733~LX*1~TS3*1346469632*11*20131231*1*280~CLP*767829439*1*280*60*80*13*9681330207023*11*1~NM1*QC*1*DRURY*SHANNON****MI*U4622015101~NM1*82*1*CHATMAN-FINLEY*DEBRA*D***FI*264224733~REF*1L*3332472~REF*CE*OPEN ACCESS PLUS~DTM*050*20131029~DTM*232*20130911~DTM*233*20130925~PER*CX*MEMBER SERVICES*TE*8002446224~AMT*AU*140~SVC*HC:90834*140*30**1~DTM*150*20130911~DTM*151*20130911~CAS*CO*45*70~CAS*PR*3*40~REF*6R*361767829439~AMT*B6*70~SVC*HC:90834*140*30**1~DTM*150*20130925~DTM*151*20130925~CAS*CO*45*70~CAS*PR*3*40~REF*6R*362767829439~AMT*B6*70~SE*42*0001~ST*835*0002~BPR*H*0*C*NON************20131030~TRN*1*V54923001330310*1237391136~REF*EV*EMPIRENY~DTM*405*20131030~N1*PR*EMPIRE HEALTHCHOICE ASSURANCE, INC.~N3*165 BROADWAY~N4*NEW YORK*NY*10006~PER*BL*EDI SOLUTIONS*TE*8668897322*EM*EDIHELPDESK-NE@WELLPOINT.COM~N1*PE*CYNTHIA M BRATMAN PHD*XX*1184788275~N3*STE 209*20 NASSAU ST~N4*PRINCETON*NJ*08542~REF*TJ*200286572~LX*1~CLP*0*1*175*0*52.5*15*33039971260~NM1*QC*1*CUSUMANO*RACHEL****MI*BLM144680948~NM1*IL*1*CUSUMANO*AMY-SUE****MI*BLM144680948~REF*1L*295798PPO~DTM*050*20131029~PER*CX*EMPIRE HEALTHCHOICE ASSURANCE, INC.*TE*8664076468~AMT*AU*122.5~SVC*HC:90834*175*0**1**0~DTM*472*20131002~CAS*OA*100*122.5~CAS*PR*2*52.5~AMT*B6*175~SE*27*0002~GE*2*160065135~IEA*1*160065135~
